%% This BibTeX bibliography file was created using BibDesk.
%% http://bibdesk.sourceforge.net/

%% Created for Liang Lu at 2017-02-08 15:37:36 -0600 


%% Saved with string encoding Unicode (UTF-8) 



@article{zaremba2014recurrent,
	Author = {Zaremba, Wojciech and Sutskever, Ilya and Vinyals, Oriol},
	Date-Added = {2017-02-08 21:37:30 +0000},
	Date-Modified = {2017-02-08 21:37:30 +0000},
	Journal = {arXiv preprint arXiv:1409.2329},
	Title = {Recurrent neural network regularization},
	Year = {2014}}

@article{soltau2016neural,
	Author = {Soltau, Hagen and Liao, Hank and Sak, Hasim},
	Date-Added = {2017-02-08 21:35:35 +0000},
	Date-Modified = {2017-02-08 21:35:35 +0000},
	Journal = {arXiv preprint arXiv:1610.09975},
	Title = {Neural Speech Recognizer: Acoustic-to-Word LSTM Model for Large Vocabulary Speech Recognition},
	Year = {2016}}

@article{neubig2017dynet,
	Author = {Neubig, Graham and Dyer, Chris and Goldberg, Yoav and Matthews, Austin and Ammar, Waleed and Anastasopoulos, Antonios and Ballesteros, Miguel and Chiang, David and Clothiaux, Daniel and Cohn, Trevor and others},
	Date-Added = {2017-02-06 17:31:56 +0000},
	Date-Modified = {2017-02-06 17:32:53 +0000},
	Journal = {arXiv preprint arXiv:1701.03980},
	Title = {{DyNet: The Dynamic Neural Network Toolkit}},
	Year = {2017}}

@inproceedings{graves2006connectionist,
	Author = {Graves, Alex and Fern{\'a}ndez, Santiago and Gomez, Faustino and Schmidhuber, J{\"u}rgen},
	Booktitle = {Proc. ICML},
	Date-Added = {2017-02-06 17:03:47 +0000},
	Date-Modified = {2017-02-06 17:04:03 +0000},
	Organization = {ACM},
	Pages = {369--376},
	Title = {Connectionist temporal classification: labelling unsegmented sequence data with recurrent neural networks},
	Year = {2006}}

@inproceedings{sarawagi2004semi,
	Author = {Sarawagi, Sunita and Cohen, William W},
	Booktitle = {Proc. NIPS},
	Date-Added = {2017-02-06 16:04:29 +0000},
	Date-Modified = {2017-02-06 16:05:26 +0000},
	Pages = {1185--1192},
	Title = {Semi-markov conditional random fields for information extraction.},
	Volume = {17},
	Year = {2004}}

@inproceedings{miao2015eesen,
	Author = {Miao, Yajie and Gowayyed, Mohammad and Metze, Florian},
	Booktitle = {Proc. ASRU},
	Date-Added = {2017-01-05 21:27:05 +0000},
	Date-Modified = {2017-01-05 21:27:19 +0000},
	Organization = {IEEE},
	Pages = {167--174},
	Title = {EESEN: End-to-end speech recognition using deep RNN models and WFST-based decoding},
	Year = {2015}}

@inproceedings{kim2016joint,
	Author = {Kim, Suyoun and Hori, Takaaki and Watanabe, Shinji},
	Booktitle = {Proc. ICASSP},
	Date-Added = {2017-01-03 19:58:09 +0000},
	Date-Modified = {2017-01-03 19:58:41 +0000},
	Title = {Joint ctc-attention based end-to-end speech recognition using multi-task learning},
	Year = {2017}}

@inproceedings{pundak2016lower,
	Author = {Pundak, Golan and Sainath, Tara N},
	Booktitle = {Proc. INTERSPEECH},
	Date-Added = {2017-01-03 18:14:11 +0000},
	Date-Modified = {2017-01-03 20:09:29 +0000},
	Title = {Lower Frame Rate Neural Network Acoustic Models},
	Year = {2016}}

@inproceedings{sak2015fast,
	Author = {Sak, Ha{\c{s}}im and Senior, Andrew and Rao, Kanishka and Beaufays, Fran{\c{c}}oise},
	Booktitle = {Proc. INTERSPEECH},
	Date-Added = {2017-01-03 18:09:12 +0000},
	Date-Modified = {2017-01-03 18:11:40 +0000},
	Title = {Fast and accurate recurrent neural network acoustic models for speech recognition},
	Year = {2015}}

@inproceedings{abdel2013deep,
	Author = {Abdel-Hamid, Ossama and Deng, Li and Yu, Dong and Jiang, Hui},
	Booktitle = {Proc. INTERSPEECH},
	Date-Added = {2017-01-03 17:20:20 +0000},
	Date-Modified = {2017-01-03 17:20:59 +0000},
	Pages = {1849--1853},
	Title = {Deep segmental neural networks for speech recognition.},
	Year = {2013}}

@inproceedings{lu2016segmental,
	Author = {Lu, L and Kong, L and Dyer, C and Smith, NA and Renals, S},
	Booktitle = {Proc. INTERSPEECH},
	Date-Added = {2017-01-03 17:17:56 +0000},
	Date-Modified = {2017-01-03 17:21:31 +0000},
	Title = {Segmental recurrent neural networks for end-to-end speech recognition},
	Year = {2016}}

@inproceedings{chan2016listen,
	Author = {Chan, William and Jaitly, Navdeep and Le, Quoc and Vinyals, Oriol},
	Booktitle = {Proc. ICASSP},
	Date-Added = {2017-01-03 17:10:31 +0000},
	Date-Modified = {2017-01-05 18:51:37 +0000},
	Organization = {IEEE},
	Pages = {4960--4964},
	Title = {Listen, attend and spell: A neural network for large vocabulary conversational speech recognition},
	Year = {2016}}

@inproceedings{lu2015study,
	Author = {Lu, Liang and Zhang, Xingxing and Cho, Kyunghyun and Renals, Steve},
	Booktitle = {Proc. Interspeech},
	Date-Added = {2017-01-03 17:08:31 +0000},
	Date-Modified = {2017-01-03 17:08:31 +0000},
	Title = {A study of the recurrent neural network encoder-decoder for large vocabulary speech recognition},
	Year = {2015}}

@inproceedings{chorowski2015attention,
	Author = {Chorowski, Jan K and Bahdanau, Dzmitry and Serdyuk, Dmitriy and Cho, Kyunghyun and Bengio, Yoshua},
	Booktitle = {Advances in Neural Information Processing Systems},
	Date-Added = {2017-01-03 17:07:04 +0000},
	Date-Modified = {2017-01-03 17:07:04 +0000},
	Pages = {577--585},
	Title = {Attention-based models for speech recognition},
	Year = {2015}}

@inproceedings{sak2015learning,
	Author = {Sak, Ha{\c{s}}im and Senior, Andrew and Rao, Kanishka and Irsoy, Ozan and Graves, Alex and Beaufays, Fran{\c{c}}oise and Schalkwyk, Johan},
	Booktitle = {Proc. ICASSP},
	Date-Added = {2017-01-03 17:03:02 +0000},
	Date-Modified = {2017-01-03 17:22:13 +0000},
	Organization = {IEEE},
	Pages = {4280--4284},
	Title = {Learning acoustic frame labeling for speech recognition with recurrent neural networks},
	Year = {2015}}

@article{xiong2016,
	Author = {Xiong, W and Droppo, J and Huang, X and Seide, F and Seltzer, M and Stolcke, A and Yu, D and Zweig, G},
	Date-Added = {2017-01-03 16:53:00 +0000},
	Date-Modified = {2017-01-03 16:57:16 +0000},
	Journal = {arXiv preprint arXiv:1610.05256},
	Title = {Achieving human parity in conversational speech recognition},
	Year = {2016}}

@inproceedings{chan2015transferring,
	Author = {Chan, William and Ke, Nan Rosemary and Lane, Ian},
	Booktitle = {Proc. INTERSPEECH},
	Date-Added = {2016-09-23 20:35:44 +0000},
	Date-Modified = {2016-09-23 20:36:53 +0000},
	Title = {{Transferring knowledge from a RNN to a DNN}},
	Year = {2015}}

@article{lu2016knowledge,
	Author = {Lu, Liang and Guo, Michelle and Renals, Steve},
	Date-Added = {2016-09-23 16:52:59 +0000},
	Date-Modified = {2016-09-23 16:54:45 +0000},
	Journal = {arXiv preprint arXiv:1608.00892},
	Title = {Knowledge Distillation for Small-footprint Highway Networks},
	Year = {2016}}

@article{Zilly16_recurrent,
	Author = {Zilly, Julian Georg. and Srivastava, Rupesh Kumar and Koutnik Jan and Schmidhuber, J{\"u}rgen},
	Date-Added = {2016-09-22 20:25:15 +0000},
	Date-Modified = {2016-09-22 20:30:28 +0000},
	Journal = {arXiv preprint arXiv:1607.03474},
	Title = {Recurrent Highway Networks},
	Year = {2016}}

@inproceedings{saon2016ibm,
	Author = {George Saon and Tom Sercu and Steven Rennie and Hong-Kwang J. Kuo},
	Booktitle = {Proc. INTERSPEECH},
	Date-Added = {2016-09-05 15:17:26 -0500},
	Date-Modified = {2016-09-05 15:19:52 -0500},
	Title = {{The IBM 2016 English Conversational Telephone Speech Recognition System}},
	Year = {2016}}

@inproceedings{sak2014long,
	Author = {Sak, Hasim and Senior, Andrew W and Beaufays, Fran{\c{c}}oise},
	Booktitle = {Proc. INTERSPEECH},
	Date-Added = {2016-07-25 11:28:36 +0100},
	Date-Modified = {2016-07-25 11:29:47 +0100},
	Title = {Long short-term memory recurrent neural network architectures for large scale acoustic modeling.},
	Year = {2014}}

@inproceedings{lu2016sequence,
	Author = {Lu, Liang},
	Booktitle = {Proc. SLT},
	Date-Added = {2016-07-25 11:22:39 +0100},
	Date-Modified = {2016-09-23 16:48:27 +0000},
	Title = {Sequence Training and Adaptation of Highway Deep Neural Networks},
	Year = {2016}}

@inproceedings{heigold2014asynchronous,
	Author = {Heigold, Georg and McDermott, Erik and Vanhoucke, Vincent and Senior, Andrew and Bacchiani, Michiel},
	Booktitle = {Proc. ICASSP},
	Date-Added = {2016-07-21 17:12:39 +0100},
	Date-Modified = {2016-07-21 17:13:24 +0100},
	Organization = {IEEE},
	Pages = {5587--5591},
	Title = {Asynchronous stochastic optimization for sequence training of deep neural networks},
	Year = {2014}}

@inproceedings{saon2013speaker,
	Author = {Saon, George and Soltau, Hagen and Nahamoo, David and Picheny, Michael},
	Booktitle = {Proc. ASRU},
	Date-Added = {2016-06-17 14:59:33 +0100},
	Date-Modified = {2016-06-17 14:59:55 +0100},
	Pages = {55--59},
	Title = {Speaker adaptation of neural network acoustic models using i-vectors.},
	Year = {2013}}

@inproceedings{wu2015multi,
	Author = {Wu, Chunyang and Gales, Mark JF},
	Booktitle = {Proc. ICASSP},
	Date-Added = {2016-06-17 14:58:22 +0100},
	Date-Modified = {2016-06-17 14:58:46 +0100},
	Organization = {IEEE},
	Pages = {4315--4319},
	Title = {Multi-basis adaptive neural network for rapid adaptation in speech recognition},
	Year = {2015}}

@inproceedings{swietojanski2014learning,
	Author = {Swietojanski, Pawel and Renals, Steve},
	Booktitle = {Proc. SLT},
	Date-Added = {2016-06-17 14:55:28 +0100},
	Date-Modified = {2016-06-17 14:55:50 +0100},
	Organization = {IEEE},
	Pages = {171--176},
	Title = {Learning hidden unit contributions for unsupervised speaker adaptation of neural network acoustic models},
	Year = {2014}}

@inproceedings{abdel2013fast,
	Author = {Abdel-Hamid, Ossama and Jiang, Hui},
	Booktitle = {Proc. ICASSP},
	Date-Added = {2016-06-17 14:54:22 +0100},
	Date-Modified = {2016-06-17 14:54:42 +0100},
	Organization = {IEEE},
	Pages = {7942--7946},
	Title = {Fast speaker adaptation of hybrid NN/HMM model for speech recognition based on discriminative learning of speaker code},
	Year = {2013}}

@inproceedings{gibson2006hypothesis,
	Author = {Gibson, Matthew and Hain, Thomas},
	Booktitle = {Proc. INTERSPEECH},
	Date-Added = {2016-06-17 14:48:12 +0100},
	Date-Modified = {2016-06-17 14:48:29 +0100},
	Organization = {Citeseer},
	Title = {Hypothesis spaces for minimum Bayes risk training in large vocabulary speech recognition.},
	Year = {2006}}

@inproceedings{su2013error,
	Author = {Su, Hang and Li, Gang and Yu, Dong and Seide, Frank},
	Booktitle = {Proc. ICASSP},
	Date-Added = {2016-06-17 14:41:39 +0100},
	Date-Modified = {2016-06-17 14:42:05 +0100},
	Organization = {IEEE},
	Pages = {6664--6668},
	Title = {Error back propagation for sequence training of context-dependent deep networks for conversational speech transcription},
	Year = {2013}}

@inproceedings{kingsbury2012scalable,
	Author = {Kingsbury, Brian and Sainath, Tara N and Soltau, Hagen},
	Booktitle = {Proc. INTERSPEECH},
	Date-Added = {2016-06-17 14:38:10 +0100},
	Date-Modified = {2016-06-17 14:38:37 +0100},
	Title = {Scalable minimum Bayes risk training of deep neural network acoustic models using distributed Hessian-free optimization},
	Year = {2012}}

@inproceedings{kingsbury2009lattice,
	Author = {Kingsbury, Brian},
	Booktitle = {Proc. ICASSP},
	Date-Added = {2016-06-17 14:37:49 +0100},
	Date-Modified = {2016-06-17 14:39:57 +0100},
	Organization = {IEEE},
	Pages = {3761--3764},
	Title = {Lattice-based optimization of sequence classification criteria for neural-network acoustic modeling},
	Year = {2009}}

@inproceedings{llu2016a,
	Author = {Lu, Liang and Renals, Steve},
	Booktitle = {Proc. INTERSPEECH},
	Date-Added = {2016-06-17 14:30:44 +0100},
	Date-Modified = {2016-09-23 16:55:50 +0000},
	Title = {Small-footprint Deep Neural Networks with Highway Connections for Speech Recognition},
	Year = {2016}}

@inproceedings{tan2015improving,
	Author = {Tan, Shawn and Sim, Khe Chai and Gales, Mark},
	Booktitle = {Proc. ASRU},
	Date-Added = {2016-06-17 14:28:33 +0100},
	Date-Modified = {2016-06-17 14:29:10 +0100},
	Organization = {IEEE},
	Pages = {617--623},
	Title = {Improving the interpretability of deep neural networks with stimulated learning},
	Year = {2015}}

@article{he2015deep,
	Author = {He, Kaiming and Zhang, Xiangyu and Ren, Shaoqing and Sun, Jian},
	Date-Added = {2016-03-03 11:10:17 +0000},
	Date-Modified = {2016-03-03 11:10:17 +0000},
	Journal = {arXiv preprint arXiv:1512.03385},
	Title = {Deep Residual Learning for Image Recognition},
	Year = {2015}}

@article{zhang2015highway,
	Author = {Zhang, Yu and Chen, Guoguo and Yu, Dong and Yao, Kaisheng and Khudanpur, Sanjeev and Glass, James},
	Date-Added = {2015-12-08 15:56:13 +0000},
	Date-Modified = {2016-06-17 15:57:19 +0100},
	Journal = {Proc. ICASSP},
	Title = {{Highway Long Short-Term Memory RNNs for Distant Speech Recognition}},
	Year = {2015}}

@inproceedings{renals2007recognition,
	Author = {Renals, Steve and Hain, Thomas and Bourlard, Herv{\'e}},
	Booktitle = {Proc. ASRU},
	Date-Added = {2015-12-08 12:20:45 +0000},
	Date-Modified = {2015-12-08 15:52:51 +0000},
	Organization = {IEEE},
	Pages = {238--247},
	Title = {{Recognition and understanding of meetings the AMI and AMIDA projects}},
	Year = {2007}}

@techreport{yu2014introduction,
	Author = {Yu, Dong and Eversole, Adam and Seltzer, Mike and Yao, Kaisheng and Huang, Zhiheng and Guenter, Brian and Kuchaiev, Oleksii and Zhang, Yu and Seide, Frank and Wang, Huaming and others},
	Date-Added = {2015-12-08 11:07:57 +0000},
	Date-Modified = {2015-12-08 15:52:19 +0000},
	Institution = {Tech. Rep. MSR, Microsoft Research},
	Title = {An introduction to computational networks and the computational network toolkit},
	Year = {2014}}

@article{lee2014deeply,
	Author = {Lee, Chen-Yu and Xie, Saining and Gallagher, Patrick and Zhang, Zhengyou and Tu, Zhuowen},
	Date-Added = {2015-12-08 11:01:46 +0000},
	Date-Modified = {2015-12-08 11:01:46 +0000},
	Journal = {arXiv preprint arXiv:1409.5185},
	Title = {Deeply-supervised nets},
	Year = {2014}}

@inproceedings{glorot2010understanding,
	Author = {Glorot, Xavier and Bengio, Yoshua},
	Booktitle = {International conference on artificial intelligence and statistics},
	Date-Added = {2015-12-08 10:54:38 +0000},
	Date-Modified = {2015-12-08 10:54:38 +0000},
	Pages = {249--256},
	Title = {Understanding the difficulty of training deep feedforward neural networks},
	Year = {2010}}

@inproceedings{erhan2009difficulty,
	Author = {Erhan, Dumitru and Manzagol, Pierre-Antoine and Bengio, Yoshua and Bengio, Samy and Vincent, Pascal},
	Booktitle = {International Conference on artificial intelligence and statistics},
	Date-Added = {2015-12-08 10:53:52 +0000},
	Date-Modified = {2015-12-08 10:53:52 +0000},
	Pages = {153--160},
	Title = {The difficulty of training deep architectures and the effect of unsupervised pre-training},
	Year = {2009}}

@inproceedings{srivastava2015training,
	Author = {Srivastava, Rupesh Kumar and Greff, Klaus and Schmidhuber, J{\"u}rgen},
	Booktitle = {Proc. NIPS},
	Date-Added = {2015-12-08 10:50:31 +0000},
	Date-Modified = {2015-12-08 15:51:38 +0000},
	Title = {Training very deep networks},
	Year = {2015}}

@article{hinton2006reducing,
	Author = {Hinton, Geoffrey E and Salakhutdinov, Ruslan R},
	Date-Added = {2015-12-08 10:48:39 +0000},
	Date-Modified = {2015-12-08 10:48:39 +0000},
	Journal = {Science},
	Number = {5786},
	Pages = {504--507},
	Publisher = {American Association for the Advancement of Science},
	Title = {Reducing the dimensionality of data with neural networks},
	Volume = {313},
	Year = {2006}}

@inproceedings{bengio2007greedy,
	Author = {Bengio, Yoshua and Lamblin, Pascal and Popovici, Dan and Larochelle, Hugo and others},
	Booktitle = {Proc. NIPS},
	Date-Added = {2015-12-08 10:37:28 +0000},
	Date-Modified = {2015-12-08 15:51:03 +0000},
	Pages = {153},
	Title = {Greedy layer-wise training of deep networks},
	Volume = {19},
	Year = {2007}}

@article{hinton2012improving,
	Author = {Hinton, Geoffrey E and Srivastava, Nitish and Krizhevsky, Alex and Sutskever, Ilya and Salakhutdinov, Ruslan R},
	Date-Added = {2015-12-04 11:46:55 +0000},
	Date-Modified = {2015-12-04 11:46:55 +0000},
	Journal = {arXiv preprint arXiv:1207.0580},
	Title = {Improving neural networks by preventing co-adaptation of feature detectors},
	Year = {2012}}

@article{srivastava2014dropout,
	Author = {Srivastava, Nitish and Hinton, Geoffrey and Krizhevsky, Alex and Sutskever, Ilya and Salakhutdinov, Ruslan},
	Date-Added = {2015-12-04 11:46:16 +0000},
	Date-Modified = {2015-12-04 11:46:16 +0000},
	Journal = {The Journal of Machine Learning Research},
	Number = {1},
	Pages = {1929--1958},
	Publisher = {JMLR. org},
	Title = {Dropout: A simple way to prevent neural networks from overfitting},
	Volume = {15},
	Year = {2014}}

@inproceedings{moczulski2015acdc,
	Author = {Moczulski, Marcin and Denil, Misha and Appleyard, Jeremy and de Freitas, Nando},
	Booktitle = {Proc. ICLR},
	Date-Added = {2015-12-03 14:01:03 +0000},
	Date-Modified = {2016-07-05 11:48:08 +0100},
	Title = {{ACDC: A Structured Efficient Linear Layer}},
	Year = {2016}}

@inproceedings{le2013fastfood,
	Author = {Le, Quoc and Sarl{\'o}s, Tam{\'a}s and Smola, Alex},
	Booktitle = {Proc. ICML},
	Date-Added = {2015-12-03 14:00:32 +0000},
	Date-Modified = {2015-12-03 14:05:53 +0000},
	Title = {Fastfood-approximating kernel expansions in loglinear time},
	Year = {2013}}

@inproceedings{yang2014deep,
	Author = {Yang, Zichao and Moczulski, Marcin and Denil, Misha and de Freitas, Nando and Smola, Alex and Song, Le and Wang, Ziyu},
	Booktitle = {Proc. ICCV},
	Date-Added = {2015-12-03 13:59:36 +0000},
	Date-Modified = {2015-12-03 14:03:31 +0000},
	Title = {Deep Fried Convnets},
	Year = {2015}}

@inproceedings{sindhwani2015structured,
	Author = {Sindhwani, Vikas and Sainath, Tara N and Kumar, Sanjiv},
	Booktitle = {Proc. NIPS},
	Date-Added = {2015-12-03 13:56:22 +0000},
	Date-Modified = {2015-12-03 14:04:46 +0000},
	Title = {Structured Transforms for Small-Footprint Deep Learning},
	Year = {2015}}

@inproceedings{hinton2015distilling,
	Author = {Hinton, Geoffrey and Vinyals, Oriol and Dean, Jeff},
	Booktitle = {Proc. NIPS Deep Learning and Representation Learning Workshop},
	Date-Added = {2015-12-03 13:54:22 +0000},
	Date-Modified = {2015-12-03 14:08:41 +0000},
	Title = {Distilling the knowledge in a neural network},
	Year = {2015}}

@inproceedings{bucilu2006model,
	Author = {Bucilu{\v a}, Cristian and Caruana, Rich and Niculescu-Mizil, Alexandru},
	Booktitle = {Proc. ACM SIGKDD},
	Date-Added = {2015-12-01 12:42:50 +0000},
	Date-Modified = {2015-12-01 12:43:31 +0000},
	Title = {Model Compression},
	Year = {2006}}

@inproceedings{romero15_fitnet,
	Author = {Adriana, Romero and Nicolas, Ballas and Samira Ebrahimi, Kahou and Antoine, Chassang and Carlo, Gatta and Yoshua, Bengio},
	Booktitle = {Proc. ICLR},
	Date-Added = {2015-12-01 11:55:45 +0000},
	Date-Modified = {2015-12-01 12:44:54 +0000},
	Title = {{Fitnets: Hints for thin deep nets}},
	Year = {2015}}

@inproceedings{ba2014deep,
	Author = {Ba, Jimmy and Caruana, Rich},
	Booktitle = {Proc. NIPS},
	Date-Added = {2015-12-01 11:49:58 +0000},
	Date-Modified = {2015-12-08 15:50:20 +0000},
	Pages = {2654--2662},
	Title = {Do deep nets really need to be deep?},
	Year = {2014}}

@inproceedings{li2014learning,
	Author = {Li, Jinyu and Zhao, Rui and Huang, Jui-Ting and Gong, Yifan},
	Booktitle = {Proc. INTERSPEECH},
	Date-Added = {2015-12-01 11:49:07 +0000},
	Date-Modified = {2016-07-19 15:02:51 +0100},
	Title = {{Learning small-size DNN with output-distribution-based criteria}},
	Year = {2014}}

@inproceedings{sainath2013low,
	Author = {Sainath, Tara N and Kingsbury, Brian and Sindhwani, Vikas and Arisoy, Ebru and Ramabhadran, Bhuvana},
	Booktitle = {Proc. ICASSP},
	Date-Added = {2015-12-01 11:40:37 +0000},
	Date-Modified = {2015-12-03 14:05:23 +0000},
	Organization = {IEEE},
	Pages = {6655--6659},
	Title = {Low-rank matrix factorization for deep neural network training with high-dimensional output targets},
	Year = {2013}}

@inproceedings{xue2013restructuring,
	Author = {Xue, Jian and Li, Jinyu and Gong, Yifan},
	Booktitle = {Proc. INTERSPEECH},
	Date-Added = {2015-12-01 11:29:39 +0000},
	Date-Modified = {2015-12-08 15:49:55 +0000},
	Pages = {2365--2369},
	Title = {Restructuring of deep neural network acoustic models with singular value decomposition.},
	Year = {2013}}

@article{gulcehre2015using,
	Author = {Gulcehre, Caglar and Firat, Orhan and Xu, Kelvin and Cho, Kyunghyun and Barrault, Loic and Lin, Huei-Chi and Bougares, Fethi and Schwenk, Holger and Bengio, Yoshua},
	Date-Added = {2015-03-24 11:21:47 +0000},
	Date-Modified = {2015-03-24 11:21:47 +0000},
	Journal = {arXiv preprint arXiv:1503.03535},
	Title = {On Using Monolingual Corpora in Neural Machine Translation},
	Year = {2015}}

@article{bilmes2006hmms,
	Author = {Bilmes, Jeff A},
	Date-Added = {2015-03-23 10:46:30 +0000},
	Date-Modified = {2015-03-23 10:47:16 +0000},
	Journal = {IEICE TRANSACTIONS on Information and Systems},
	Number = {3},
	Pages = {869--891},
	Publisher = {The Institute of Electronics, Information and Communication Engineers},
	Title = {{What HMMs can do}},
	Volume = {89},
	Year = {2006}}

@article{waibel1989phoneme,
	Author = {Waibel, Alex and Hanazawa, Toshiyuki and Hinton, Geoffrey and Shikano, Kiyohiro and Lang, Kevin J},
	Date-Added = {2015-03-23 10:32:37 +0000},
	Date-Modified = {2015-03-23 10:32:37 +0000},
	Journal = {Acoustics, Speech and Signal Processing, IEEE Transactions on},
	Number = {3},
	Pages = {328--339},
	Publisher = {IEEE},
	Title = {Phoneme recognition using time-delay neural networks},
	Volume = {37},
	Year = {1989}}

@article{hochreiter1997long,
	Author = {Hochreiter, Sepp and Schmidhuber, J{\"u}rgen},
	Date-Added = {2015-03-23 10:22:55 +0000},
	Date-Modified = {2015-03-23 10:22:55 +0000},
	Journal = {Neural computation},
	Number = {8},
	Pages = {1735--1780},
	Publisher = {MIT Press},
	Title = {Long short-term memory},
	Volume = {9},
	Year = {1997}}

@article{bengio1994learning,
	Author = {Bengio, Yoshua and Simard, Patrice and Frasconi, Paolo},
	Date-Added = {2015-03-23 10:20:37 +0000},
	Date-Modified = {2015-03-23 10:20:37 +0000},
	Journal = {Neural Networks, IEEE Transactions on},
	Number = {2},
	Pages = {157--166},
	Publisher = {IEEE},
	Title = {Learning long-term dependencies with gradient descent is difficult},
	Volume = {5},
	Year = {1994}}

@article{de2007template,
	Author = {De Wachter, Mathias and Matton, Mike and Demuynck, Kris and Wambacq, Patrick and Cools, Ronald and Van Compernolle, Dirk},
	Date-Added = {2015-03-13 15:43:34 +0000},
	Date-Modified = {2015-03-13 15:43:34 +0000},
	Journal = {Audio, Speech, and Language Processing, IEEE Transactions on},
	Number = {4},
	Pages = {1377--1390},
	Publisher = {IEEE},
	Title = {Template-based continuous speech recognition},
	Volume = {15},
	Year = {2007}}

@article{hifny2009speech,
	Author = {Hifny, Yasser and Renals, Steve},
	Date-Added = {2015-03-13 15:43:03 +0000},
	Date-Modified = {2015-03-13 15:43:03 +0000},
	Journal = {Audio, Speech, and Language Processing, IEEE Transactions on},
	Number = {2},
	Pages = {354--365},
	Publisher = {IEEE},
	Title = {Speech recognition using augmented conditional random fields},
	Volume = {17},
	Year = {2009}}

@inproceedings{gunawardana2005hidden,
	Author = {Gunawardana, Asela and Mahajan, Milind and Acero, Alex and Platt, John C},
	Booktitle = {INTERSPEECH},
	Date-Added = {2015-03-13 15:42:32 +0000},
	Date-Modified = {2015-03-13 15:42:32 +0000},
	Pages = {1117--1120},
	Title = {Hidden conditional random fields for phone classification.},
	Year = {2005}}

@inproceedings{smith2001speech,
	Author = {Smith, Nathan and Gales, Mark},
	Booktitle = {Advances in neural information processing systems},
	Date-Added = {2015-03-13 15:41:47 +0000},
	Date-Modified = {2015-03-24 11:28:33 +0000},
	Pages = {1197--1204},
	Title = {{Speech recognition using SVMs}},
	Year = {2001}}

@inproceedings{sak2014sequence,
	Author = {Sak, Hasim and Vinyals, Oriol and Heigold, Georg and Senior, Andrew and McDermott, Erik and Monga, Rajat and Mao, Mark},
	Booktitle = {Proc. INTERSPEECH},
	Date-Added = {2015-03-13 15:38:24 +0000},
	Date-Modified = {2015-03-13 15:39:25 +0000},
	Title = {Sequence discriminative distributed training of long short-term memory recurrent neural networks},
	Year = {2014}}

@article{maas2014first,
	Author = {Maas, Andrew L and Hannun, Awni Y and Jurafsky, Daniel and Ng, Andrew Y},
	Date-Added = {2015-03-12 16:32:33 +0000},
	Date-Modified = {2015-03-12 16:50:55 +0000},
	Journal = {arXiv preprint arXiv:1408.2873},
	Title = {{First-Pass Large Vocabulary Continuous Speech Recognition using Bi-Directional Recurrent DNNs}},
	Year = {2014}}

@article{schuster1997bidirectional,
	Author = {Schuster, Mike and Paliwal, Kuldip K},
	Date-Added = {2015-03-12 16:22:59 +0000},
	Date-Modified = {2015-03-12 16:22:59 +0000},
	Journal = {Signal Processing, IEEE Transactions on},
	Number = {11},
	Pages = {2673--2681},
	Publisher = {IEEE},
	Title = {Bidirectional recurrent neural networks},
	Volume = {45},
	Year = {1997}}

@inproceedings{senior2013empirical,
	Author = {Senior, Andrew and Heigold, Georg and Ranzato, M and Yang, Ke},
	Booktitle = {Proc. ICASSP},
	Date-Added = {2015-03-12 16:18:24 +0000},
	Date-Modified = {2015-03-12 16:48:36 +0000},
	Organization = {IEEE},
	Pages = {6724--6728},
	Title = {An empirical study of learning rates in deep neural networks for speech recognition},
	Year = {2013}}

@article{zeiler2012adadelta,
	Author = {Zeiler, Matthew D},
	Date-Added = {2015-03-12 16:17:17 +0000},
	Date-Modified = {2015-03-12 16:17:17 +0000},
	Journal = {arXiv preprint arXiv:1212.5701},
	Title = {ADADELTA: an adaptive learning rate method},
	Year = {2012}}

@inproceedings{Hannun2014Deep,
	Author = {Hannun, Awni and Case, Carl and Casper, Jared and Catanzaro, Bryan and Diamos, Greg and Elsen, Erich and Prenger, Ryan and others},
	Booktitle = {arXiv preprint arXiv:1412.5567},
	Date-Added = {2015-03-11 16:20:55 +0000},
	Date-Modified = {2015-03-11 16:24:13 +0000},
	Title = {{Deep Speech: Scaling up end-to-end speech recognition}},
	Year = {2014}}

@article{chorowski2014end,
	Author = {Chorowski, Jan and Bahdanau, Dzmitry and Cho, Kyunghyun and Bengio, Yoshua},
	Date-Added = {2015-03-11 16:18:48 +0000},
	Date-Modified = {2015-03-12 16:50:26 +0000},
	Journal = {arXiv preprint arXiv:1412.1602},
	Title = {{End-to-end Continuous Speech Recognition using Attention-based Recurrent NN: First Results}},
	Year = {2014}}

@inproceedings{graves2014towards,
	Author = {Graves, Alex and Jaitly, Navdeep},
	Booktitle = {Proc. ICML},
	Date-Added = {2015-03-11 16:17:49 +0000},
	Date-Modified = {2015-03-13 15:47:17 +0000},
	Pages = {1764--1772},
	Title = {Towards end-to-end speech recognition with recurrent neural networks},
	Year = {2014}}

@inproceedings{sutskever2014sequence,
	Author = {Sutskever, Ilya and Vinyals, Oriol and Le, Quoc VV},
	Booktitle = {Advances in Neural Information Processing Systems},
	Date-Added = {2015-03-11 16:16:51 +0000},
	Date-Modified = {2015-03-11 16:16:51 +0000},
	Pages = {3104--3112},
	Title = {Sequence to sequence learning with neural networks},
	Year = {2014}}

@article{cho2014learning,
	Author = {Cho, Kyunghyun and van Merrienboer, Bart and Gulcehre, Caglar and Bougares, Fethi and Schwenk, Holger and Bengio, Yoshua},
	Date-Added = {2015-03-11 16:15:42 +0000},
	Date-Modified = {2015-03-12 16:54:12 +0000},
	Journal = {Pro. EMNLP},
	Title = {{Learning phrase representations using RNN encoder-decoder for statistical machine translation}},
	Year = {2014}}

@inproceedings{bahdanau2014neural,
	Author = {Bahdanau, Dzmitry and Cho, Kyunghyun and Bengio, Yoshua},
	Booktitle = {Proc. ICLR},
	Date-Added = {2015-03-11 16:14:46 +0000},
	Date-Modified = {2015-06-08 15:45:38 +0100},
	Title = {Neural machine translation by jointly learning to align and translate},
	Year = {2015}}

@article{vinyals2014show,
	Author = {Vinyals, Oriol and Toshev, Alexander and Bengio, Samy and Erhan, Dumitru},
	Date-Added = {2015-03-11 16:13:58 +0000},
	Date-Modified = {2015-03-11 16:13:58 +0000},
	Journal = {arXiv preprint arXiv:1411.4555},
	Title = {Show and tell: A neural image caption generator},
	Year = {2014}}

@article{xu2015show,
	Author = {Xu, Kelvin and Ba, Jimmy and Kiros, Ryan and Courville, Aaron and Salakhutdinov, Ruslan and Zemel, Richard and Bengio, Yoshua},
	Date-Added = {2015-03-11 16:13:29 +0000},
	Date-Modified = {2015-03-11 16:13:29 +0000},
	Journal = {arXiv preprint arXiv:1502.03044},
	Title = {Show, Attend and Tell: Neural Image Caption Generation with Visual Attention},
	Year = {2015}}

@article{graves2012sequence,
	Author = {Graves, Alex},
	Date-Added = {2015-03-11 16:12:00 +0000},
	Date-Modified = {2015-03-11 16:12:00 +0000},
	Journal = {arXiv preprint arXiv:1211.3711},
	Title = {Sequence transduction with recurrent neural networks},
	Year = {2012}}

@article{rabiner1989tutorial,
	Author = {Rabiner, Lawrence},
	Date-Added = {2015-03-10 16:44:24 +0000},
	Date-Modified = {2015-03-10 16:44:24 +0000},
	Journal = {Proceedings of the IEEE},
	Number = {2},
	Pages = {257--286},
	Publisher = {IEEE},
	Title = {A tutorial on hidden Markov models and selected applications in speech recognition},
	Volume = {77},
	Year = {1989}}

@inproceedings{dahl2013improving,
	Author = {Dahl, George E and Sainath, Tara N and Hinton, Geoffrey E},
	Booktitle = {Proc. ICASSP},
	Date-Added = {2015-03-10 16:27:19 +0000},
	Date-Modified = {2015-03-12 16:51:44 +0000},
	Organization = {IEEE},
	Pages = {8609--8613},
	Title = {{Improving deep neural networks for LVCSR using rectified linear units and dropout}},
	Year = {2013}}

@inproceedings{graves2013speech,
	Author = {Graves, Alex and Mohamed, A-R and Hinton, Geoffrey},
	Booktitle = {Proc. ICASSP},
	Date-Added = {2015-03-10 16:26:33 +0000},
	Date-Modified = {2015-03-12 16:49:24 +0000},
	Organization = {IEEE},
	Pages = {6645--6649},
	Title = {Speech recognition with deep recurrent neural networks},
	Year = {2013}}

@article{abdel2014convolutional,
	Author = {Abdel-Hamid, Ossama and Mohamed, Abdel-Rahman and Jiang, Hui and Deng, Li and Penn, Gerald and Yu, Dong},
	Date-Added = {2015-03-10 16:24:30 +0000},
	Date-Modified = {2015-03-10 16:24:30 +0000},
	Journal = {IEEE/ACM Transactions on Audio, Speech and Language Processing (TASLP)},
	Number = {10},
	Pages = {1533--1545},
	Publisher = {IEEE Press},
	Title = {Convolutional neural networks for speech recognition},
	Volume = {22},
	Year = {2014}}

@inproceedings{seide2011conversational,
	Author = {Seide, Frank and Li, Gang and Yu, Dong},
	Booktitle = {Interspeech},
	Date-Added = {2015-03-10 16:22:28 +0000},
	Date-Modified = {2015-03-10 16:22:28 +0000},
	Pages = {437--440},
	Title = {Conversational Speech Transcription Using Context-Dependent Deep Neural Networks.},
	Year = {2011}}

@article{mohamed2012acoustic,
	Author = {Mohamed, Abdel-rahman and Dahl, George E and Hinton, Geoffrey},
	Date-Added = {2015-03-10 16:20:31 +0000},
	Date-Modified = {2015-03-10 16:20:31 +0000},
	Journal = {Audio, Speech, and Language Processing, IEEE Transactions on},
	Number = {1},
	Pages = {14--22},
	Publisher = {IEEE},
	Title = {Acoustic modeling using deep belief networks},
	Volume = {20},
	Year = {2012}}

@inproceedings{evermann2000posterior,
	Author = {Evermann, Gunnar and Woodland, PC},
	Booktitle = {Proc. Speech Transcription Workshop},
	Date-Added = {2015-02-27 12:19:15 +0000},
	Date-Modified = {2015-02-27 12:19:15 +0000},
	Organization = {Baltimore},
	Title = {Posterior probability decoding, confidence estimation and system combination},
	Volume = {27},
	Year = {2000}}

@inproceedings{fiscus1997post,
	Author = {Fiscus, Jonathan G},
	Booktitle = {Proc. ASRU},
	Date-Added = {2015-02-27 12:18:34 +0000},
	Date-Modified = {2015-03-03 12:00:33 +0000},
	Organization = {IEEE},
	Pages = {347--354},
	Title = {{A post-processing system to yield reduced word error rates: Recognizer output voting error reduction (ROVER)}},
	Year = {1997}}

@article{xu2011minimum,
	Author = {Xu, Haihua and Povey, Daniel and Mangu, Lidia and Zhu, Jie},
	Date-Added = {2015-02-27 11:51:09 +0000},
	Date-Modified = {2015-02-27 11:51:09 +0000},
	Journal = {Computer Speech \& Language},
	Number = {4},
	Pages = {802--828},
	Publisher = {Elsevier},
	Title = {Minimum bayes risk decoding and system combination based on a recursion for edit distance},
	Volume = {25},
	Year = {2011}}

@inproceedings{lu2012joint,
	Author = {Lu, Liang and Ghoshal, Arnab and Renals, Steve},
	Booktitle = {Proc. SAPA-SCALE Workshop},
	Date-Added = {2015-02-27 11:42:25 +0000},
	Date-Modified = {2015-03-03 12:02:08 +0000},
	Title = {{Joint uncertainty decoding with unscented transform for noise robust subspace Gaussian mixture models}},
	Year = {2012}}

@inproceedings{ghoshal2010novel,
	Author = {Ghoshal, Arnab and Povey, Daniel and Agarwal, Mohit and Akyazi, Pinar and Burget, Lukas and Feng, Kai and Glembek, Ondrej and Goel, Nagendra and Karafi{\'a}t, Martin and Rastrow, Ariya and others},
	Booktitle = {Proc. ICASSP},
	Date-Added = {2015-02-27 11:34:01 +0000},
	Date-Modified = {2015-02-27 11:34:20 +0000},
	Organization = {IEEE},
	Pages = {4310--4313},
	Title = {A novel estimation of feature-space MLLR for full-covariance models},
	Year = {2010}}

@inproceedings{sim2005adaptation,
	Author = {Sim, Khe Chai and Gales, Mark JF},
	Booktitle = {Proc. ICASSP},
	Date-Added = {2015-02-27 11:32:33 +0000},
	Date-Modified = {2015-02-27 11:32:54 +0000},
	Pages = {97--100},
	Title = {Adaptation of Precision Matrix Models on Large Vocabulary Continuous Speech Recognition.},
	Year = {2005}}

@inproceedings{povey2006feature,
	Author = {Povey, Daniel and Saon, George},
	Booktitle = {Proc. INTERSPEECH},
	Date-Added = {2015-02-27 11:28:25 +0000},
	Date-Modified = {2015-02-27 12:39:07 +0000},
	Title = {Feature and model space speaker adaptation with full covariance Gaussians.},
	Year = {2006}}

@inproceedings{llu_is14,
	Author = {Lu, L and Renals, S},
	Booktitle = {Proc. INTERSPEECH},
	Date-Added = {2015-02-23 16:00:33 +0000},
	Date-Modified = {2015-02-23 16:02:08 +0000},
	Title = {{Probabilistic linear discriminant analysis with bottleneck features for speech recognition}},
	Year = {2014}}

@article{llu2014tied,
	Author = {Lu, L and Renals, S},
	Date-Added = {2015-02-23 15:57:49 +0000},
	Date-Modified = {2015-02-23 15:58:32 +0000},
	Journal = {arXiv:1411.0895 [cs.CL]},
	Title = {{Tied probabilistic linear discriminant analysis for speech recognition}},
	Year = {2014}}

@inproceedings{deng2013recent,
	Author = {Deng, Li and Li, Jinyu and Huang, Jui-Ting and Yao, Kaisheng and Yu, Dong and Seide, Frank and Seltzer, Michael and Zweig, Geoffrey and He, Xiaodong and Williams, Jason and others},
	Booktitle = {Proc. ICASSP},
	Date-Added = {2015-02-23 15:53:41 +0000},
	Date-Modified = {2015-02-23 15:54:02 +0000},
	Organization = {IEEE},
	Pages = {8604--8608},
	Title = {Recent advances in deep learning for speech research at Microsoft},
	Year = {2013}}

@inproceedings{yu2013kl,
	Author = {Yu, Dong and Yao, Kaisheng and Su, Hang and Li, Gang and Seide, Frank},
	Booktitle = {Proc. ICASSP},
	Date-Added = {2014-03-07 15:34:05 +0000},
	Date-Modified = {2014-03-07 15:34:50 +0000},
	Organization = {IEEE},
	Pages = {7893--7897},
	Title = {{KL-divergence regularized deep neural network adaptation for improved large vocabulary speech recognition}},
	Year = {2013}}

@inproceedings{yao2012adaptation,
	Author = {Yao, Kaisheng and Yu, Dong and Seide, Frank and Su, Hang and Deng, Li and Gong, Yifan},
	Booktitle = {Proc. SLT},
	Date-Added = {2014-03-07 15:33:44 +0000},
	Date-Modified = {2014-03-07 15:35:06 +0000},
	Organization = {IEEE},
	Pages = {366--369},
	Title = {Adaptation of context-dependent deep neural networks for automatic speech recognition},
	Year = {2012}}

@article{li2012probabilistic,
	Author = {Li, Peng and Fu, Yun and Mohammed, Umar and Elder, James H and Prince, Simon JD},
	Date-Added = {2014-03-06 12:31:10 +0000},
	Date-Modified = {2014-03-06 12:32:07 +0000},
	Journal = {IEEE Transactions on Pattern Analysis and Machine Intelligence},
	Number = {1},
	Pages = {144--157},
	Title = {{Probabilistic models for inference about identity}},
	Volume = {34},
	Year = {2012}}

@inproceedings{mohamed2010investigation,
	Author = {Mohamed, Abdel-rahman and Yu, Dong and Deng, Li},
	Booktitle = {INTERSPEECH},
	Date-Added = {2014-03-06 12:24:30 +0000},
	Date-Modified = {2014-03-06 12:24:30 +0000},
	Pages = {2846--2849},
	Title = {Investigation of full-sequence training of deep belief networks for speech recognition.},
	Year = {2010}}

@inproceedings{seide2011feature,
	Author = {Seide, Frank and Li, Gang and Chen, Xie and Yu, Dong},
	Booktitle = {Automatic Speech Recognition and Understanding (ASRU), 2011 IEEE Workshop on},
	Date-Added = {2014-03-06 12:22:32 +0000},
	Date-Modified = {2014-03-06 12:22:32 +0000},
	Organization = {IEEE},
	Pages = {24--29},
	Title = {Feature engineering in context-dependent deep neural networks for conversational speech transcription},
	Year = {2011}}

@inproceedings{yu2011improved,
	Author = {Yu, Dong and Seltzer, Michael L},
	Booktitle = {INTERSPEECH},
	Date-Added = {2014-03-06 12:20:54 +0000},
	Date-Modified = {2014-03-06 12:20:54 +0000},
	Pages = {237--240},
	Title = {Improved Bottleneck Features Using Pretrained Deep Neural Networks.},
	Year = {2011}}

@inproceedings{yu2013feature,
	Author = {Yu, Dong and Seltzer, Michael L and Li, Jinyu and Huang, Jui-Ting and Seide, Frank},
	Booktitle = {Proc. ICLR},
	Date-Added = {2014-03-06 12:17:41 +0000},
	Date-Modified = {2014-03-06 12:19:41 +0000},
	Journal = {Proc. ICLR},
	Title = {Feature learning in deep neural networks-studies on speech recognition tasks},
	Year = {2013}}

@article{llu_spl14,
	Author = {Lu, L and Renals, S},
	Date-Added = {2014-03-03 19:16:15 +0000},
	Date-Modified = {2014-06-13 13:01:55 +0100},
	Journal = {IEEE Signal Processing Letters},
	Title = {{Probabilistic linear discriminant analysis for acoustic modelling}},
	Year = {2014}}

@book{bourlard1994connectionist,
	Author = {Bourlard, Herve A and Morgan, Nelson},
	Date-Added = {2014-02-27 14:40:57 +0000},
	Date-Modified = {2014-02-27 14:40:58 +0000},
	Publisher = {Springer},
	Title = {Connectionist speech recognition: a hybrid approach},
	Volume = {247},
	Year = {1994}}

@inproceedings{deshmukh1998resegmentation,
	Author = {Deshmukh, Neeraj and Ganapathiraju, Aravind and Gleeson, Andi and Hamaker, Jonathan and Picone, Joseph},
	Booktitle = {Proc. ICSLP},
	Date-Added = {2014-02-05 14:30:40 +0000},
	Date-Modified = {2014-02-05 14:31:38 +0000},
	Title = {{Resegmentation of SWITCHBOARD}},
	Year = {1998}}

@inproceedings{cieri2002research,
	Author = {Cieri, Christopher and Miller, David and Walker, Kevin},
	Booktitle = {Proceedings of the second international conference on Human Language Technology Research},
	Date-Added = {2014-02-05 14:12:25 +0000},
	Date-Modified = {2014-02-05 14:12:25 +0000},
	Organization = {Morgan Kaufmann Publishers Inc.},
	Pages = {206--211},
	Title = {Research methodologies, observations and outcomes in (conversational) speech data collection},
	Year = {2002}}

@inproceedings{godfrey1992switchboard,
	Author = {Godfrey, John J and Holliman, Edward C and McDaniel, Jane},
	Booktitle = {Proc. ICASSP},
	Date-Added = {2014-02-05 14:06:21 +0000},
	Date-Modified = {2014-02-05 14:35:20 +0000},
	Organization = {IEEE},
	Pages = {517--520},
	Title = {{SWITCHBOARD: Telephone speech corpus for research and development}},
	Year = {1992}}

@inproceedings{morgan1989generalization,
	Author = {Morgan, Nelson and Bourlard, Herv{\'e}},
	Booktitle = {Proc. NIPS},
	Date-Added = {2014-02-05 14:02:36 +0000},
	Date-Modified = {2014-02-05 14:04:54 +0000},
	Pages = {630--637},
	Title = {Generalization and parameter estimation in feedforward nets: Some experiments},
	Year = {1989}}

@article{morgan1995neural,
	Author = {Morgan, Nelson and Bourlard, Herve A},
	Date-Added = {2014-02-05 14:02:04 +0000},
	Date-Modified = {2014-02-05 14:02:04 +0000},
	Journal = {Proceedings of the IEEE},
	Number = {5},
	Pages = {742--772},
	Publisher = {IEEE},
	Title = {Neural networks for statistical recognition of continuous speech},
	Volume = {83},
	Year = {1995}}

@article{morgan1995continuous,
	Author = {Morgan, Nelson and Bourlard, Herve},
	Date-Added = {2014-02-05 14:01:49 +0000},
	Date-Modified = {2014-02-05 14:01:49 +0000},
	Journal = {Signal Processing Magazine, IEEE},
	Number = {3},
	Pages = {24--42},
	Publisher = {IEEE},
	Title = {Continuous speech recognition},
	Volume = {12},
	Year = {1995}}

@article{renals1994connectionist,
	Author = {Renals, Steve and Morgan, Nelson and Bourlard, Herv{\'e} and Cohen, Michael and Franco, Horacio},
	Date-Added = {2014-02-05 14:00:59 +0000},
	Date-Modified = {2014-02-05 14:33:39 +0000},
	Journal = {IEEE Transactions on Speech and Audio Processing},
	Number = {1},
	Pages = {161--174},
	Publisher = {IEEE},
	Title = {Connectionist probability estimators in {HMM} speech recognition},
	Volume = {2},
	Year = {1994}}

@article{gauvain2000large,
	Author = {Gauvain, J-L and Lamel, Lori},
	Date-Added = {2014-02-05 13:56:53 +0000},
	Date-Modified = {2014-02-05 13:56:53 +0000},
	Journal = {Proceedings of the IEEE},
	Number = {8},
	Pages = {1181--1200},
	Publisher = {IEEE},
	Title = {Large-vocabulary continuous speech recognition: advances and applications},
	Volume = {88},
	Year = {2000}}

@article{young1996review,
	Author = {Young, Steve},
	Date-Added = {2014-02-05 13:52:53 +0000},
	Date-Modified = {2014-02-05 13:54:40 +0000},
	Journal = {Signal Processing Magazine, IEEE},
	Number = {5},
	Pages = {45},
	Publisher = {IEEE},
	Title = {A review of large-vocabulary continuous-speech recognition},
	Volume = {13},
	Year = {1996}}

@inproceedings{gillick2011don,
	Author = {Gillick, Dan and Gillick, Larry and Wegmann, Steven},
	Booktitle = {Proc. ASRU},
	Date-Added = {2014-01-31 16:41:45 +0000},
	Date-Modified = {2014-01-31 16:42:02 +0000},
	Organization = {IEEE},
	Pages = {71--76},
	Title = {Don't multiply lightly: Quantifying problems with the acoustic model assumptions in speech recognition},
	Year = {2011}}

@inproceedings{matejka2011full,
	Author = {Matejka, Pavel and Glembek, Ondrej and Castaldo, Fabio and Alam, Md Jahangir and Plchot, Oldrich and Kenny, Patrick and Burget, Lukas and Cernocky, Jan},
	Booktitle = {Proc. ICASSP},
	Date-Added = {2014-01-31 16:20:28 +0000},
	Date-Modified = {2014-01-31 16:32:50 +0000},
	Organization = {IEEE},
	Pages = {4828--4831},
	Title = {{Full-covariance UBM and heavy-tailed PLDA in i-vector speaker verification}},
	Year = {2011}}

@article{dehak2011front,
	Author = {Dehak, Najim and Kenny, Patrick J and Dehak, R{\'e}da and Dumouchel, Pierre and Ouellet, Pierre},
	Date-Added = {2014-01-31 16:18:07 +0000},
	Date-Modified = {2014-02-05 14:34:45 +0000},
	Journal = {IEEE Transactions on Audio, Speech, and Language Processing},
	Number = {4},
	Pages = {788--798},
	Publisher = {IEEE},
	Title = {Front-end factor analysis for speaker verification},
	Volume = {19},
	Year = {2011}}

@article{rosti2004factor,
	Author = {Rosti, AV and Gales, MJF},
	Date-Added = {2014-01-31 14:32:17 +0000},
	Date-Modified = {2014-01-31 14:32:17 +0000},
	Journal = {Computer Speech \& Language},
	Number = {2},
	Pages = {181--200},
	Publisher = {Elsevier},
	Title = {Factor analysed hidden Markov models for speech recognition},
	Volume = {18},
	Year = {2004}}

@article{axelrod2005subspace,
	Author = {Axelrod, Scott and Goel, Vaibhava and Gopinath, Ramesh A and Olsen, Peder A and Visweswariah, Karthik},
	Date-Added = {2014-01-31 14:12:47 +0000},
	Date-Modified = {2014-01-31 16:30:19 +0000},
	Journal = {IEEE Transactions on Speech and Audio Processing},
	Number = {6},
	Pages = {1144--1160},
	Publisher = {IEEE},
	Title = {Subspace constrained Gaussian mixture models for speech recognition},
	Volume = {13},
	Year = {2005}}

@inproceedings{huang2002large,
	Author = {Huang, Jing and Goel, Vaibhava and Gopinath, Ramesh and Kingsbury, Brian and Olsen, Peder A and Visweswariah, Karthik},
	Booktitle = {INTERSPEECH},
	Date-Added = {2014-01-31 14:10:35 +0000},
	Date-Modified = {2014-01-31 16:29:42 +0000},
	Title = {Large vocabulary conversational speech recognition with the extended maximum likelihood linear transformation {(EMLLT)} model},
	Year = {2002}}

@article{zhang2013sparse,
	Author = {Zhang, Weibin and Fung, P},
	Date-Added = {2014-01-31 14:03:11 +0000},
	Date-Modified = {2014-01-31 14:05:09 +0000},
	Journal = {IEEE Transactions on Acoustics, Speech and Signal Processing},
	Publisher = {IEEE},
	Title = {Sparse inverse covariance matrices for low resource speech recognition},
	Year = {2013}}

@inproceedings{bell2009diagonal,
	Author = {Bell, Peter and King, Simon},
	Booktitle = {Proc. ASRU},
	Date-Added = {2014-01-31 14:00:42 +0000},
	Date-Modified = {2014-01-31 16:33:01 +0000},
	Organization = {IEEE},
	Pages = {113--117},
	Title = {Diagonal priors for full covariance speech recognition},
	Year = {2009}}

@inproceedings{grezl2007probabilistic,
	Author = {Gr{\'e}zl, Franti{\v{s}}ek and Karafi{\'a}t, Martin and Kont{\'a}r, Stanislav and Cernocky, J},
	Booktitle = {Proc. ICASSP},
	Date-Added = {2014-01-27 12:13:02 +0000},
	Date-Modified = {2014-01-27 13:12:30 +0000},
	Organization = {IEEE},
	Title = {Probabilistic and bottle-neck features for {LVCSR} of meetings},
	Volume = {4},
	Year = {2007}}

@techreport{ghahramani1996algorithm,
	Author = {Ghahramani, Zoubin and Hinton, Geoffrey},
	Date-Added = {2014-01-24 15:29:21 +0000},
	Date-Modified = {2014-01-27 13:18:08 +0000},
	Institution = {Technical Report CRG-TR-96-1, University of Toronto},
	Title = {The {EM} algorithm for mixtures of factor analyzers},
	Year = {1996}}

@inproceedings{glembek2009comparison,
	Author = {Glembek, Ondrej and Burget, Lukas and Dehak, Najim and Brummer, Niko and Kenny, Patrick},
	Booktitle = {Proc. ICASSP},
	Date-Added = {2014-01-22 17:33:35 +0000},
	Date-Modified = {2014-02-05 14:36:24 +0000},
	Organization = {IEEE},
	Pages = {4057--4060},
	Title = {Comparison of scoring methods used in speaker recognition with joint factor analysis},
	Year = {2009}}

@article{zhao2012variational,
	Author = {Zhao, Xianyu and Dong, Yuan},
	Date-Added = {2014-01-22 17:31:22 +0000},
	Date-Modified = {2014-01-27 13:16:08 +0000},
	Journal = {IEEE Transactions on Audio, Speech, and Language Processing,},
	Number = {3},
	Pages = {1032--1042},
	Publisher = {IEEE},
	Title = {Variational bayesian joint factor analysis models for speaker verification},
	Volume = {20},
	Year = {2012}}

@article{llu2014cross,
	Author = {L Lu and A Ghoshal and S Renals},
	Date-Added = {2014-01-22 16:48:08 +0000},
	Date-Modified = {2014-01-22 16:51:36 +0000},
	Journal = {IEEE/ACM Transactions on Acoustics, Speech and Signal Processing},
	Number = {1},
	Pages = {17--27},
	Title = {{Cross-lingual subspace Gaussian mixture models for low-resouce speech recognition}},
	Volume = {22},
	Year = {2014}}

@inproceedings{kenny2010bayesian,
	Author = {Kenny, Patrick},
	Booktitle = {Speaker and Language Recognition Workshop (IEEE Odyssey)},
	Date-Added = {2014-01-20 16:05:49 +0000},
	Date-Modified = {2014-01-20 16:05:49 +0000},
	Title = {Bayesian speaker verification with heavy tailed priors},
	Year = {2010}}

@inproceedings{prince2007probabilistic,
	Author = {Prince, Simon JD and Elder, James H},
	Booktitle = {Proc. ICCV},
	Date-Added = {2014-01-20 16:03:37 +0000},
	Date-Modified = {2014-01-27 13:15:45 +0000},
	Organization = {IEEE},
	Pages = {1--8},
	Title = {Probabilistic linear discriminant analysis for inferences about identity},
	Year = {2007}}

@article{hinton2012deep,
	Author = {Hinton, Geoffrey and Deng, Li and Yu, Dong and Dahl, George E and Mohamed, Abdel-rahman and Jaitly, Navdeep and Senior, Andrew and Vanhoucke, Vincent and Nguyen, Patrick and Sainath, Tara N and Brain Kingsbury},
	Date-Added = {2014-01-20 15:56:03 +0000},
	Date-Modified = {2014-01-27 13:14:41 +0000},
	Journal = {Signal Processing Magazine, IEEE},
	Number = {6},
	Pages = {82--97},
	Publisher = {IEEE},
	Title = {Deep neural networks for acoustic modeling in speech recognition: The shared views of four research groups},
	Volume = {29},
	Year = {2012}}

@inproceedings{beaufays2003learning,
	Author = {Beaufays, F and Sankar, A and Williams, S and Weintraub, M},
	Booktitle = {Proc. ICTAI},
	Date-Added = {2013-06-28 16:20:13 +0100},
	Date-Modified = {2013-06-28 16:21:27 +0100},
	Organization = {IEEE},
	Pages = {233--240},
	Title = {Learning name pronunciations in automatic speech recognition systems},
	Year = {2003}}

@inproceedings{li2007adapting,
	Author = {Li, X and Gunawardana, A and Acero, A},
	Booktitle = {Proc. ASRU},
	Date-Added = {2013-06-28 16:17:22 +0100},
	Date-Modified = {2013-06-28 16:17:45 +0100},
	Organization = {IEEE},
	Pages = {130--135},
	Title = {Adapting grapheme-to-phoneme conversion for name recognition},
	Year = {2007}}

@inproceedings{vinyals2009discriminative,
	Author = {Vinyals, O and Deng, L and Yu, D and Acero, A},
	Booktitle = {Proc. ICASSP},
	Date-Added = {2013-06-20 12:50:17 +0100},
	Date-Modified = {2013-06-20 12:59:14 +0100},
	Organization = {IEEE},
	Pages = {4445--4448},
	Title = {Discriminative pronounciation learning using phonetic decoder and minimum-classification-error criterion},
	Year = {2009}}

@article{livescu2012subword,
	Author = {Livescu, K and Fosler-Lussier, E. and Metze, F},
	Date-Added = {2013-06-12 16:29:34 +0100},
	Date-Modified = {2013-06-12 16:33:33 +0100},
	Journal = {IEEE Signal Processing Magazine},
	Number = {6},
	Pages = {44--57},
	Title = {{Subword modelling for automatic speech recogntion: past, present, and emerging approaches}},
	Volume = {29},
	Year = {2012}}

@inproceedings{povey2008boosted,
	Author = {Povey, D and Kanevsky, D and Kingsbury, B and Ramabhadran, B and Saon, G and Visweswariah, K},
	Booktitle = {Proc. ICASSP},
	Date-Added = {2013-06-12 12:09:10 +0100},
	Date-Modified = {2013-06-12 12:09:42 +0100},
	Organization = {IEEE},
	Pages = {4057--4060},
	Title = {{Boosted MMI for model and feature-space discriminative training}},
	Year = {2008}}

@article{bisani2008joint,
	Author = {Bisani, M and Ney, H},
	Date-Added = {2013-06-10 15:22:28 +0100},
	Date-Modified = {2013-06-10 15:22:28 +0100},
	Journal = {Speech Communication},
	Number = {5},
	Pages = {434--451},
	Publisher = {Elsevier},
	Title = {Joint-sequence models for grapheme-to-phoneme conversion},
	Volume = {50},
	Year = {2008}}

@article{bacchiani1999joint,
	Author = {Bacchiani, M and Ostendorf, M},
	Date-Added = {2013-06-10 15:10:57 +0100},
	Date-Modified = {2013-06-10 15:11:51 +0100},
	Journal = {Speech Communication},
	Number = {2},
	Pages = {99--114},
	Title = {{Joint lexicon, acoustic unit inventory and model design}},
	Volume = {29},
	Year = {1999}}

@inproceedings{allauzen2003generalized,
	Author = {Allauzen, C and Mohri, M and Roark, B},
	Booktitle = {Proc. ACL},
	Date-Added = {2013-06-10 14:58:31 +0100},
	Date-Modified = {2013-06-28 16:51:51 +0100},
	Organization = {Association for Computational Linguistics},
	Pages = {40--47},
	Title = {Generalized algorithms for constructing statistical language models},
	Year = {2003}}

@incollection{allauzen2007openfst,
	Author = {Allauzen, C and Riley, M and Schalkwyk, J and Skut, W and Mohri, M},
	Booktitle = {Implementation and Application of Automata},
	Date-Added = {2013-06-10 14:55:16 +0100},
	Date-Modified = {2013-06-10 14:55:39 +0100},
	Pages = {11--23},
	Publisher = {Springer},
	Title = {{OpenFst: A general and efficient weighted finite-state transducer library}},
	Year = {2007}}

@inproceedings{badr2011pronunciation,
	Author = {Badr, I and McGraw, I and Glass, J},
	Booktitle = {Proc. Interspeech},
	Date-Added = {2013-05-02 16:14:10 +0100},
	Date-Modified = {2013-05-02 16:14:10 +0100},
	Pages = {549--552},
	Title = {Pronunciation learning from continuous speech},
	Year = {2011}}

@article{mcgraw_learning13,
	Author = {McGraw, I and Badr, I and Glass, J},
	Date-Added = {2013-05-02 16:10:46 +0100},
	Date-Modified = {2013-05-02 16:12:03 +0100},
	Journal = {IEEE Transactions on Audio, Speech, and Language Processing},
	Number = {2},
	Pages = {357--366},
	Title = {Learning lexicons form speech using a pronunciation mixture model},
	Volume = {21},
	Year = {2013}}

@inproceedings{badr2010learning,
	Author = {Badr, I and McGraw, I and Glass, J},
	Booktitle = {Proc. Interspeech},
	Date-Added = {2013-05-02 16:09:40 +0100},
	Date-Modified = {2013-05-02 16:09:40 +0100},
	Pages = {2294--2297},
	Title = {Learning new word pronunciations from spoken examples},
	Year = {2010}}

@conference{Rasipuram_INTERSPEECH_2012,
	Author = {Rasipuram, R and Magimai-Doss, M},
	Booktitle = {Proc. INTERSPEECH},
	Date-Added = {2013-05-02 15:37:50 +0100},
	Date-Modified = {2013-05-02 15:40:17 +0100},
	Rating = {1},
	Title = {Combining Acoustic Data Driven {G2P} and Letter-to-Sound Rules for Under Resource Lexicon Generation},
	Year = {2012}}

@article{singh2002automatic,
	Author = {Singh, R and Raj, B and Stern, RM},
	Date-Added = {2013-05-02 15:18:04 +0100},
	Date-Modified = {2013-05-02 15:18:04 +0100},
	Journal = {Speech and Audio Processing, IEEE Transactions on},
	Number = {2},
	Pages = {89--99},
	Publisher = {IEEE},
	Title = {Automatic generation of subword units for speech recognition systems},
	Volume = {10},
	Year = {2002}}

@article{wester2003pronunciation,
	Author = {Wester, M},
	Date-Added = {2013-05-02 15:12:05 +0100},
	Date-Modified = {2013-05-02 15:12:31 +0100},
	Journal = {Computer Speech \& Language},
	Number = {1},
	Pages = {69--85},
	Publisher = {Elsevier},
	Title = {Pronunciation modeling for {ASR} --- knowledge-based and data-derived methods},
	Volume = {17},
	Year = {2003}}

@article{hain2005implicit,
	Author = {Hain, T},
	Date-Added = {2013-05-02 15:10:15 +0100},
	Date-Modified = {2013-05-02 15:10:15 +0100},
	Journal = {Speech Communication},
	Number = {2},
	Pages = {171--188},
	Publisher = {Elsevier},
	Title = {Implicit modelling of pronunciation variation in automatic speech recognition},
	Volume = {46},
	Year = {2005}}

@article{saraclar2000pronunciation,
	Author = {Saraclar, M and Nock, H and Khudanpur, S},
	Date-Added = {2013-05-02 15:08:17 +0100},
	Date-Modified = {2013-06-04 15:13:13 +0100},
	Journal = {Computer Speech \& Language},
	Number = {2},
	Pages = {137--160},
	Publisher = {Elsevier},
	Title = {{Pronunciation modeling by sharing Gaussian densities across phonetic models}},
	Volume = {14},
	Year = {2000}}

@inproceedings{hain2002implicit,
	Author = {Hain, T},
	Booktitle = {ISCA Tutorial and Research Workshop (ITRW) on Pronunciation Modeling and Lexicon Adaptation for Spoken Language Technology},
	Date-Added = {2013-05-02 15:02:39 +0100},
	Date-Modified = {2013-05-02 15:02:56 +0100},
	Title = {{Implicit pronunciation modelling in ASR}},
	Year = {2002}}

@article{mohri2002semiring,
	Author = {Mohri, M},
	Date-Added = {2013-04-23 15:39:00 +0100},
	Date-Modified = {2013-04-23 15:39:00 +0100},
	Journal = {Journal of Automata, Languages and Combinatorics},
	Number = {3},
	Pages = {321--350},
	Title = {Semiring frameworks and algorithms for shortest-distance problems},
	Volume = {7},
	Year = {2002}}

@inproceedings{flego2012factor,
	Author = {Flego, F and Gales, MJF},
	Booktitle = {Proc. ICASSP},
	Date-Added = {2013-03-13 14:58:44 +0000},
	Date-Modified = {2013-03-13 14:59:16 +0000},
	Organization = {IEEE},
	Pages = {4669--4672},
	Title = {{Factor analysis based VTS discriminative adaptive training}},
	Year = {2012}}

@inproceedings{xu2006vector,
	Author = {Xu, H and Rigazio, L and Kryze, D},
	Booktitle = {Proc. Interspeech},
	Date-Added = {2013-03-11 17:53:54 +0000},
	Date-Modified = {2013-03-11 17:54:29 +0000},
	Title = {{Vector Taylor series based joint uncertainty decoding}},
	Year = {2006}}

@inproceedings{hu2007irrelevant,
	Author = {Hu, Y and Huo, Q},
	Booktitle = {Proc. Interspeech},
	Date-Added = {2013-03-07 15:32:18 +0000},
	Date-Modified = {2013-03-07 15:33:14 +0000},
	Pages = {1042--1045},
	Title = {{Irrelevant variability normalization based HMM training using VTS approximation of an explicit model of environmental distortions}},
	Year = {2007}}

@inproceedings{flego2009discriminative,
	Author = {Flego, F and Gales, MJF},
	Booktitle = {Proc. ASRU},
	Date-Added = {2013-03-05 16:25:20 +0000},
	Date-Modified = {2013-03-05 16:27:02 +0000},
	Organization = {IEEE},
	Pages = {170--175},
	Title = {{Discriminative adaptive training with VTS and JUD}},
	Year = {2009}}

@article{lu2013joint,
	Author = {Lu, L and Chin, KK and Ghoshal, A and Renals, S},
	Date-Added = {2013-03-05 15:43:42 +0000},
	Date-Modified = {2013-03-05 15:45:31 +0000},
	Journal = {IEEE Transactions on Audio, Speech, and Language Processing},
	Title = {{Joint uncertainty decoding for noise robust subspace Gaussian mixture models}},
	Year = {2013}}

@article{dahl2012context,
	Author = {Dahl, GE and Yu, D and Deng, L and Acero, A},
	Date-Added = {2012-08-29 12:02:03 +0100},
	Date-Modified = {2012-08-29 12:02:59 +0100},
	Journal = {IEEE Transactions on Audio, Speech, and Language Processing},
	Number = {1},
	Pages = {30--42},
	Publisher = {IEEE},
	Title = {Context-Dependent Pre-Trained Deep Neural Networks for Large-Vocabulary Speech Recognition},
	Volume = {20},
	Year = {2012}}

@inproceedings{kohler1996multi,
	Author = {Kohler, J},
	Booktitle = {Proc. ICSLP},
	Date-Added = {2012-08-29 11:49:28 +0100},
	Date-Modified = {2012-08-29 11:50:51 +0100},
	Pages = {2195--2198},
	Title = {Multi-lingual phoneme recognition exploiting acoustic-phonetic similarities of sounds},
	Year = {1996}}

@article{zen2012statistical,
	Author = {Zen, H and Braunschweiler, N and Buchholz, S and Gales, MJF and Knill, K and Krstulovic´, S and Latorre, J},
	Date-Added = {2012-08-24 11:49:30 +0100},
	Date-Modified = {2012-08-24 11:52:48 +0100},
	Journal = {IEEE Transactions on Acoustics, Speech and Signal Processing},
	Number = {6},
	Pages = {1713--1724},
	Title = {{Statistical parametric speech synthesis based on speaker and language factorization}},
	Volume = {20},
	Year = {2012}}

@inproceedings{Imseng2011fast,
	Author = {Imseng, D and Rasipuram, R and Doss, MM},
	Booktitle = {Proc. ASRU},
	Date-Added = {2012-08-20 13:20:05 +0100},
	Date-Modified = {2012-08-20 13:21:52 +0100},
	Organization = {IEEE},
	Pages = {348--353},
	Title = {{Fast and flexible Kullback-Leibler divergence based acoustic modelling for non-native speech recognition}},
	Year = {2011}}

@inproceedings{Imseng2012using,
	Author = {Imseng, D and Bourlard, H and Garner, PN},
	Booktitle = {Proc. ICASSP},
	Date-Added = {2012-08-20 13:18:09 +0100},
	Date-Modified = {2012-08-20 13:19:54 +0100},
	Organization = {IEEE},
	Pages = {4869--4872},
	Title = {{Using KL-divergence and multilingual informaiton to improve ASR for under-resourced languages}},
	Year = {2012}}

@inproceedings{aradilla2008using,
	Author = {Aradilla, G and Bourlard, H and Doss, MM},
	Booktitle = {Proc. INTERSPEECH},
	Date-Added = {2012-08-20 13:14:58 +0100},
	Date-Modified = {2012-08-20 13:15:46 +0100},
	Title = {{Using KL-based acoustic models in a large vocabulary recognition task}},
	Year = {2008}}

@inproceedings{Plahl2011cross,
	Author = {Plahl, C and Schluter, R and Ney, H},
	Booktitle = {Proc. ASRU},
	Date-Added = {2012-08-20 12:39:26 +0100},
	Date-Modified = {2012-08-20 12:43:53 +0100},
	Organization = {IEEE},
	Pages = {371--376},
	Title = {{Cross-lingual portability of Chinese and English neural network features for French and German LVCSR}},
	Year = {2011}}

@inproceedings{qian2011_asru,
	Author = {Qian, Y and Xu, J and Povey, D and Jia L},
	Booktitle = {Proc. ASRU},
	Date-Added = {2012-08-20 12:31:40 +0100},
	Date-Modified = {2012-08-20 12:44:34 +0100},
	Organization = {IEEE},
	Pages = {354--358},
	Title = {{Strategies for using MLP based features with limited target-language training data}},
	Year = {2011}}

@article{siniscalchi12experiments,
	Author = {Siniscalchi, SM and Lyu, DC and Svendsen, T and Lee, CH},
	Date-Added = {2012-08-03 11:51:55 +0100},
	Date-Modified = {2012-08-03 11:54:04 +0100},
	Journal = {IEEE transactions on audio, speech, and language processing},
	Number = {3},
	Pages = {875--887},
	Title = {{Experiments on cross-language attribute detection and phone recognition with minimal target-specific training data}},
	Volume = {20},
	Year = {2012}}

@article{donoho2006compressed,
	Author = {Donoho, DL},
	Date-Added = {2012-05-11 16:21:56 +0100},
	Date-Modified = {2012-05-11 16:24:29 +0100},
	Journal = {IEEE Transactions on Information Theory},
	Number = {4},
	Pages = {1289--1306},
	Title = {{Compressed sensing}},
	Volume = {52},
	Year = {2006}}

@inproceedings{goel2010approaches,
	Author = {Goel, N and Thomas, S and Agarwal, M and Akyazi, P and Burget, L and Feng, K and Ghoshal, A and Glembek, O and Karafi{\'a}t, M and Povey, D and Rastrow, A and Rose, RC and Schwarz, P},
	Booktitle = {Proc. ICASSP},
	Date-Added = {2012-05-10 11:46:39 +0100},
	Date-Modified = {2012-05-10 11:50:11 +0100},
	Organization = {IEEE},
	Pages = {5094--5097},
	Title = {{Approaches to automatic lexicon learning with limited training examples}},
	Year = {2010}}

@inproceedings{singh2000automatic,
	Author = {Singh, R and Raj, B and Stern, RM},
	Booktitle = {Proc. ICASSP},
	Date-Added = {2012-05-10 11:45:42 +0100},
	Date-Modified = {2012-05-10 11:48:34 +0100},
	Organization = {IEEE},
	Pages = {1691--1694},
	Title = {{Automatic generation of phone sets and lexical transcriptions}},
	Year = {2000}}

@inproceedings{slobada1996dictionary,
	Author = {Slobada, T and Waibel, A},
	Booktitle = {Proc. ICSLP},
	Date-Added = {2012-05-10 11:42:04 +0100},
	Date-Modified = {2012-05-10 11:47:31 +0100},
	Pages = {2328--2331},
	Title = {{Dictionary learning for spontaneous speech recognition}},
	Year = {1996}}

@article{kalinli2010noise,
	Author = {Kalinli, O and Seltzer, ML and Droppo, J and Acero, A},
	Date-Added = {2012-04-26 15:51:38 +0100},
	Date-Modified = {2012-04-26 15:53:34 +0100},
	Journal = {IEEE Transactions on Audio, Speech, and Language Processing},
	Number = {8},
	Pages = {1889--1091},
	Title = {{Noise adaptive training for robust automatic speech recognition}},
	Volume = {18},
	Year = {2010}}

@article{deng2005dynamic,
	Author = {Deng, L and Droppo, J and Acero, A},
	Date-Added = {2012-04-26 12:08:58 +0100},
	Date-Modified = {2012-04-26 12:09:42 +0100},
	Journal = {IEEE Transactions on Speech and Audio Processing},
	Number = {3},
	Pages = {412--421},
	Publisher = {IEEE},
	Title = {{Dynamic compensation of HMM variances using the feature enhancement uncertainty computed from a parametric model of speech distortion}},
	Volume = {13},
	Year = {2005}}

@inproceedings{arrowood2002using,
	Author = {Arrowood, JA and Clements, MA},
	Booktitle = {Proc. ICSLP},
	Date-Added = {2012-04-26 12:04:40 +0100},
	Date-Modified = {2012-05-01 15:55:39 +0100},
	Title = {{Using observation uncertainty in HMM decoding}},
	Year = {2002}}

@inproceedings{li2012improvements,
	Author = {Li, J and Seltzer, M and Gong, Y},
	Booktitle = {Proc. ICASSP},
	Date-Added = {2012-04-25 15:42:36 +0100},
	Date-Modified = {2012-04-25 15:45:03 +0100},
	Organization = {IEEE},
	Pages = {4677-4680},
	Title = {{Improvements to VTS feature enhanecement}},
	Year = {2012}}

@article{xu2011joint,
	Author = {Xu, H. and Gales, M.J.F. and Chin, KK},
	Date-Added = {2012-04-23 14:33:30 +0100},
	Date-Modified = {2012-04-23 14:34:40 +0100},
	Journal = {IEEE Transactions on Acoustics, Speech and Signal Processing},
	Number = {6},
	Pages = {1665--1676},
	Title = {{Joint uncertainty decoding with predictive methods for noise robust speech recognition}},
	Volume = {19},
	Year = {2011}}

@article{kim2011noisy,
	Author = {Kim, DK and Gales, MJF},
	Booktitle = {IEEE},
	Date-Added = {2012-04-20 12:41:04 +0100},
	Date-Modified = {2012-04-26 11:24:53 +0100},
	Journal = {IEEE Transactions on Audio, Speech, and Language Processing},
	Number = {2},
	Pages = {315--325},
	Title = {{Noisy constrained maximum-likelihood linear regression for noise-robust speech recognition}},
	Volume = {19},
	Year = {2011}}

@inproceedings{omar2007regularized,
	Author = {Omar, MK},
	Booktitle = {Proc. INTERSPEECH},
	Date-Added = {2012-04-20 12:37:51 +0100},
	Date-Modified = {2012-04-26 11:40:02 +0100},
	Title = {Regularized feature-based maximum likelihood linear regression for speech recognition},
	Year = {2007}}

@inproceedings{deng2000large,
	Author = {Deng, L and Acero, A and Plumpe, M and Huang, X},
	Booktitle = {Proc. ICSLP},
	Date-Added = {2012-04-19 15:07:20 +0100},
	Date-Modified = {2012-04-26 11:38:50 +0100},
	Title = {{Large-vocabulary speech recognition under adverse acoustic environments}},
	Year = {2000}}

@inproceedings{frey2001algonquin,
	Author = {Frey, BJ and Deng, L and Acero, A and Kristjansson, T},
	Booktitle = {Seventh European Conference on Speech Communication and Technology},
	Date-Added = {2012-04-19 15:06:05 +0100},
	Date-Modified = {2012-05-01 15:55:05 +0100},
	Title = {{ALGONQUIN: Iterating Laplace's method to remove multiple types of acoustic distortion for robust speech recognition}},
	Year = {2001}}

@article{yu2008robust,
	Author = {Yu, D and Deng, L and Droppo, J and Wu, J and Gong, Y and Acero, A},
	Date-Added = {2012-04-19 15:04:46 +0100},
	Date-Modified = {2012-04-26 11:38:22 +0100},
	Journal = {Audio, Speech, and Language Processing, IEEE Transactions on},
	Number = {5},
	Pages = {1061--1070},
	Publisher = {IEEE},
	Title = {Robust speech recognition using a cepstral minimum-mean-square-error-motivated noise suppressor},
	Volume = {16},
	Year = {2008}}

@inproceedings{povey2011kaldi,
	Author = {Povey, D and Ghoshal, A and Boulianne, G and Burget, L and Glembek, O and Goel, N and Hannemann, M and Motl{\i}cek, P and Qian, Y and Schwarz, P and Silovsk\'y, J and Semmer, G and Vesel\'y, K},
	Booktitle = {Proc. ASRU},
	Date-Added = {2012-04-18 12:31:10 +0100},
	Date-Modified = {2012-04-18 12:42:53 +0100},
	Title = {{The Kaldi speech recognition toolkit}},
	Year = {2011}}

@inproceedings{kalinli2009noise,
	Author = {Kalinli, O and Seltzer, ML and Acero, A},
	Booktitle = {Proc. ICASSP},
	Date-Added = {2012-04-17 12:20:54 +0100},
	Date-Modified = {2012-04-17 12:22:08 +0100},
	Organization = {IEEE},
	Pages = {3825--3828},
	Title = {{Noise adaptive training using a vector Taylor series approach for noise robust automatic speech recognition}},
	Year = {2009}}

@article{gustafsson2012some,
	Author = {Gustafsson, F and Hendeby, G},
	Date-Added = {2012-04-17 11:19:00 +0100},
	Date-Modified = {2012-04-17 11:19:00 +0100},
	Journal = {IEEE Transactions on Signal Processing},
	Number = {2},
	Pages = {545--555},
	Publisher = {IEEE},
	Title = {Some relations between extended and unscented {Kalman} filters},
	Volume = {60},
	Year = {2012}}

@inproceedings{lu2012noise,
	Author = {Lu, L and Chin, KK and Ghoshal, A and Renals, S},
	Booktitle = {Proc. INTERSPEECH},
	Date-Added = {2012-04-16 11:38:12 +0100},
	Date-Modified = {2013-03-07 16:31:10 +0000},
	Title = {{Noise compensation for subspace Gaussian mixture models}},
	Year = {2012}}

@inproceedings{faubel2010expectation,
	Author = {Faubel, F and McDonough, J and Klakow, D},
	Booktitle = {Proc. ICASSP},
	Date-Added = {2012-04-14 11:51:41 +0100},
	Date-Modified = {2012-04-14 11:52:29 +0100},
	Organization = {IEEE},
	Pages = {4294--4297},
	Title = {{On expectation maximization based channel and noise estimation beyond the vector Taylor series expansion}},
	Year = {2010}}

@inproceedings{li2010unscented,
	Author = {Li, J and Yu, D and Gong, Y and Deng, L},
	Booktitle = {Proc. INTERSPEECH},
	Date-Added = {2012-04-14 11:49:12 +0100},
	Date-Modified = {2012-04-14 11:49:52 +0100},
	Title = {{Unscented transform with online distortion estimation for HMM adaptation}},
	Year = {2010}}

@article{hu2006hmm,
	Author = {Hu, Y and Huo, Q},
	Date-Added = {2012-04-14 11:47:30 +0100},
	Date-Modified = {2015-02-27 11:41:22 +0000},
	Journal = {Proc. ISCSLP},
	Pages = {346--357},
	Publisher = {Springer},
	Title = {An {HMM} compensation approach using unscented transformation for noisy speech recognition},
	Year = {2006}}

@article{julier2004unscented,
	Author = {Julier, SJ and Uhlmann, JK},
	Date-Added = {2012-04-14 11:45:20 +0100},
	Date-Modified = {2012-04-14 11:45:20 +0100},
	Journal = {Proceedings of the IEEE},
	Number = {3},
	Pages = {401--422},
	Publisher = {IEEE},
	Title = {Unscented filtering and nonlinear estimation},
	Volume = {92},
	Year = {2004}}

@article{gales2010discriminative,
	Author = {Gales, MJF and Flego, F},
	Date-Added = {2012-03-05 14:10:54 +0000},
	Date-Modified = {2012-03-05 14:11:46 +0000},
	Journal = {Computer Speech \& Language},
	Number = {4},
	Pages = {648--662},
	Title = {{Discriminative classifiers with adaptive kernels for noise robust speech recognition}},
	Volume = {24},
	Year = {2010}}

@inproceedings{droppo2002uncertainty,
	Author = {Droppo, J and Acero, A and Deng, L},
	Booktitle = {Proc. ICASSP},
	Date-Added = {2012-03-05 12:37:54 +0000},
	Date-Modified = {2012-03-05 12:38:55 +0000},
	Organization = {IEEE},
	Title = {{Uncertainty decoding with SPLICE for noise robust speech recognition}},
	Year = {2002}}

@inproceedings{kalgaonkar2009noise,
	Author = {Kalgaonkar, K and Seltzer, ML and Acero, A},
	Booktitle = {Proc. ASRU},
	Date-Added = {2012-03-01 14:27:58 +0000},
	Date-Modified = {2012-03-01 14:28:44 +0000},
	Pages = {199--204},
	Title = {{Noise robust model adaptation using linear spline interpolation}},
	Year = {2009}}

@inproceedings{leutnant2009analytic,
	Author = {Leutnant, V and Haeb-Umbach, R},
	Booktitle = {Proc. INTERSPEECH},
	Date-Added = {2012-03-01 14:22:20 +0000},
	Date-Modified = {2012-03-01 14:23:18 +0000},
	Pages = {2395--2398},
	Title = {{An analytic derivation of a phase-sensitive observation model for noise robust speech recognition}},
	Year = {2009}}

@misc{acero2006non,
	Author = {Acero, A and Deng, L and Droppo, JG},
	Date-Added = {2012-03-01 14:21:56 +0000},
	Date-Modified = {2012-03-01 14:21:56 +0000},
	Month = may # {~16},
	Note = {US Patent 7,047,047},
	Publisher = {Google Patents},
	Title = {Non-linear observation model for removing noise from corrupted signals},
	Year = {2006}}

@article{kim1998speech,
	Author = {Kim, DY and Kwan Un, C and Kim, NS},
	Date-Added = {2012-02-29 13:46:55 +0000},
	Date-Modified = {2012-02-29 15:11:14 +0000},
	Journal = {Speech Communication},
	Number = {1},
	Pages = {39--49},
	Publisher = {Elsevier},
	Title = {{Speech recognition in noisy environments using first-order vector Taylor series}},
	Volume = {24},
	Year = {1998}}

@inproceedings{wang2011speaker,
	Author = {Wang, YQ and Gales, MJF},
	Booktitle = {Proc. ICASSP},
	Date-Added = {2012-02-17 11:12:26 +0000},
	Date-Modified = {2012-02-29 15:10:39 +0000},
	Organization = {IEEE},
	Pages = {4584--4587},
	Title = {{Speaker and noise factorisation on the Aurora 4 task}},
	Year = {2011}}

@inproceedings{flego2011factor,
	Author = {Flego, F and Gales, MJF},
	Booktitle = {Proc. ICASSP},
	Date-Added = {2012-02-17 11:11:35 +0000},
	Date-Modified = {2012-02-29 15:10:09 +0000},
	Organization = {IEEE},
	Pages = {4792--4795},
	Title = {{Factor analysis based VTS and JUD noise estimation and compensation}},
	Year = {2011}}

@incollection{gales2010model,
	Author = {Gales, MJF},
	Booktitle = {Robust Speech Recognition of Uncertain Data},
	Date-Added = {2012-02-01 17:40:29 +0000},
	Date-Modified = {2012-02-01 17:55:47 +0000},
	Editor = {D. Kolossa and R. Haeb-Umbach},
	Publisher = {Springer Verlag},
	Title = {Model-Based Approaches to Handling Uncertainty},
	Year = {2010}}

@inproceedings{gales2007predictive,
	Author = {Gales, MJF and Van Dalen, RC},
	Booktitle = {Proc. ASRU},
	Date-Added = {2012-02-01 12:32:43 +0000},
	Date-Modified = {2012-02-29 12:18:51 +0000},
	Organization = {IEEE},
	Pages = {59--64},
	Title = {Predictive linear transforms for noise robust speech recognition},
	Year = {2007}}

@inproceedings{xu2009comparison,
	Author = {Xu, H and Chin, KK},
	Booktitle = {Proc. INTERSPEECH},
	Date-Added = {2012-02-01 12:12:31 +0000},
	Date-Modified = {2012-02-28 17:56:36 +0000},
	Pages = {2403--2406},
	Title = {Comparison of estimation techniques in joint uncertainty decoding for noise robust speech recognition},
	Year = {2009}}

@inproceedings{van2009extended,
	Author = {van Dalen, RC and Gales, MJF},
	Booktitle = {Proc. ICASSP},
	Date-Added = {2012-02-01 11:19:28 +0000},
	Date-Modified = {2012-02-29 15:12:05 +0000},
	Organization = {IEEE},
	Pages = {3829--3832},
	Title = {{Extended VTS for noise-robust speech recognition}},
	Year = {2009}}

@inproceedings{gopinath1995robust,
	Author = {Gopinath, RA and Gales, MJF and Gopalakrishnan, PS and Balakrishnan-Aiyer, S and Picheny, MA},
	Booktitle = {Proc. ARPA Workshops Spoken Lang. Syst. Technol.},
	Date-Added = {2012-01-31 17:29:46 +0000},
	Date-Modified = {2012-04-02 12:20:46 +0100},
	Pages = {127--130},
	Title = {{Robust speech recognition in noise---{Performance} of the {IBM} continuous speech recogniser on the {ARPA} noise spoke task}},
	Year = {1995}}

@inproceedings{moreno1996vector,
	Author = {Moreno, PJ and Raj, B and Stern, RM},
	Booktitle = {Proc. ICASSP},
	Date-Added = {2012-01-27 13:37:38 +0000},
	Date-Modified = {2012-01-27 13:38:48 +0000},
	Organization = {IEEE},
	Pages = {733--736},
	Title = {{A vector Taylor series approach for environment-independent speech recognition}},
	Volume = {2},
	Year = {1996}}

@phdthesis{Acero_thesis,
	Author = {Acero, A},
	Date-Added = {2012-01-27 12:09:02 +0000},
	Date-Modified = {2012-01-27 12:13:04 +0000},
	School = {Carnegie Mellon University},
	Title = {{Acoustic and Enviromental Robustness in Automatic Speech Recognition}},
	Year = {1990}}

@inproceedings{zhao2010comparative,
	Author = {Zhao, Y and Juang, BH},
	Booktitle = {Proc. INTERSPEECH},
	Date-Added = {2011-12-02 12:10:11 +0000},
	Date-Modified = {2011-12-02 12:10:50 +0000},
	Title = {{A comparative study of noise estimation algorithms for VTS-based robust speech recognition}},
	Year = {2010}}

@inproceedings{lu2012map,
	Author = {Lu, L and Ghoshal, A and Renals, S},
	Booktitle = {Proc. ICASSP},
	Date-Added = {2011-10-19 14:28:29 +0100},
	Date-Modified = {2012-05-11 12:49:30 +0100},
	Title = {{Maximum a posteriori adaptation of subspace Gaussian mixture models for cross-lingual speech recognition}},
	Year = {2012}}

@phdthesis{gales1995model,
	Author = {Gales, MJF},
	Date-Added = {2011-10-19 10:38:43 +0100},
	Date-Modified = {2011-10-19 10:39:30 +0100},
	School = {Cambridge University},
	Title = {{Model-based techniques for noise robust speech recognition}},
	Year = {1995}}

@article{du2011feature,
	Author = {Du, J and Huo, Q},
	Date-Added = {2011-10-19 10:35:22 +0100},
	Date-Modified = {2012-01-27 14:03:06 +0000},
	Journal = {IEEE Transactions on Audio, Speech, and Language Processing},
	Number = {8},
	Pages = {2285--2293},
	Title = {{A feature compensation approach using high-order vector Taylor series approximation of an explicit distortion model for noisy speech recognition}},
	Volume = {19},
	Year = {2011}}

@inproceedings{xu2009joint,
	Author = {Xu, H and Chin, KK},
	Booktitle = {Proc. ICASSP},
	Date-Added = {2011-10-19 10:33:11 +0100},
	Date-Modified = {2011-10-19 10:34:21 +0100},
	Organization = {IEEE},
	Pages = {3841--3844},
	Title = {{Joint uncertainty decoding with the second order approximation for noise robust speech recognition}},
	Year = {2009}}

@article{li2009unified,
	Author = {Li, J and Deng, L and Yu, D and Gong, Y and Acero, A},
	Date-Added = {2011-10-18 17:52:32 +0100},
	Date-Modified = {2011-10-18 17:52:54 +0100},
	Journal = {Computer Speech \& Language},
	Number = {3},
	Pages = {389--405},
	Publisher = {Elsevier},
	Title = {{A unified framework of HMM adaptation with joint compensation of additive and convolutive distortions}},
	Volume = {23},
	Year = {2009}}

@article{deng2004enhancement,
	Author = {Deng, L and Droppo, J and Acero, A},
	Date-Added = {2011-10-18 17:50:50 +0100},
	Date-Modified = {2012-02-29 14:41:14 +0000},
	Journal = {IEEE Transactions on Speech and Audio Processing},
	Number = {2},
	Pages = {133--143},
	Publisher = {IEEE},
	Title = {{Enhancement of log mel power spectra of speech using a phase-sensitive model of the acoustic environment and sequential estimation of the corrupting noise}},
	Volume = {12},
	Year = {2004}}

@inproceedings{liao2007adaptive,
	Author = {Liao, H and Gales, MJF},
	Booktitle = {Proc. ICASSP},
	Date-Added = {2011-10-18 17:39:23 +0100},
	Date-Modified = {2013-03-12 15:36:33 +0000},
	Organization = {IEEE},
	Title = {Adaptive training with joint uncertainty decoding for robust recognition of noisy data},
	Year = {2007}}

@article{liao2008issues,
	Author = {Liao, H and Gales, MJF},
	Date-Added = {2011-10-18 17:39:13 +0100},
	Date-Modified = {2011-10-18 17:39:13 +0100},
	Journal = {Speech Communication},
	Number = {4},
	Pages = {265--277},
	Publisher = {Elsevier},
	Title = {Issues with uncertainty decoding for noise robust automatic speech recognition},
	Volume = {50},
	Year = {2008}}

@phdthesis{liao2007uncertainty,
	Author = {Liao, H},
	Date-Added = {2011-10-18 17:39:09 +0100},
	Date-Modified = {2011-10-18 17:43:56 +0100},
	School = {University of Cambridge},
	Title = {{Uncertainty decoding for noise robust speech recognition}},
	Year = {2007}}

@inproceedings{liao2005joint,
	Author = {Liao, H and Gales, MJF},
	Booktitle = {Proc. INTERSPEECH},
	Date-Added = {2011-10-18 17:39:08 +0100},
	Date-Modified = {2011-10-18 17:41:33 +0100},
	Organization = {Citeseer},
	Title = {Joint uncertainty decoding for noise robust speech recognition},
	Year = {2005}}

@inproceedings{acero2000hmm,
	Author = {Acero, A and Deng, L and Kristjansson, T and Zhang, J},
	Booktitle = {Proc. ICSLP},
	Date-Added = {2011-10-18 17:35:05 +0100},
	Date-Modified = {2011-10-18 17:37:21 +0100},
	Title = {{HMM adaptation using vector Taylor series for noisy speech recognition}},
	Year = {2000}}

@inproceedings{Qian2011state,
	Author = {Qian, Y and Povey, D and Liu, J},
	Booktitle = {Proc. INTERSPEECH},
	Date-Added = {2011-10-18 14:58:58 +0100},
	Date-Modified = {2011-10-18 15:05:11 +0100},
	Title = {State-Level Data Borrowing for Low-Resource Speech Recognition based on Subspace {GMMs}},
	Year = {2011}}

@article{siohan2001joint,
	Author = {Siohan, O and Chesta, C and Lee, CH},
	Date-Added = {2011-09-16 12:22:26 +0100},
	Date-Modified = {2011-09-16 12:22:26 +0100},
	Journal = {IEEE Transactions on Speech and Audio Processing},
	Number = {4},
	Pages = {417--428},
	Publisher = {IEEE},
	Title = {Joint maximum a posteriori adaptation of transformation and {HMM} parameters},
	Volume = {9},
	Year = {2001}}

@article{dutilleul1999mle,
	Author = {Dutilleul, P},
	Date-Added = {2011-08-13 18:36:25 +0100},
	Date-Modified = {2011-08-13 18:36:59 +0100},
	Journal = {Journal of Statistical Computation and Simulation},
	Number = {2},
	Pages = {105--123},
	Publisher = {Taylor and Francis},
	Title = {{The MLE algorithm for the matrix normal distribution}},
	Volume = {64},
	Year = {1999}}

@inproceedings{llu2011_asru,
	Author = {Lu, L and Ghoshal, A and Renals, S},
	Booktitle = {Proc. IEEE ASRU},
	Date-Added = {2011-08-13 11:59:06 +0100},
	Date-Modified = {2012-04-20 13:19:01 +0100},
	Pages = {365-370},
	Title = {{Regularized subspace Gaussian mixture models for cross-lingual speech recognition}},
	Year = {2011}}

@inproceedings{zhang2010learning,
	Author = {Zhang, Y and Schneider, J},
	Booktitle = {Proc. NIPS},
	Date-Added = {2011-08-07 11:45:36 +0100},
	Date-Modified = {2011-08-13 12:02:51 +0100},
	Title = {{Learning Multiple Tasks with a Sparse Matrix-Normal Penalty}},
	Year = {2010}}

@book{gupta1999matrix,
	Author = {Gupta, AK and Nagar, DK},
	Date-Added = {2011-08-07 11:39:40 +0100},
	Date-Modified = {2011-08-07 11:41:40 +0100},
	Publisher = {Chapman \& Hall/CRC},
	Series = {Monographs and Surveys in Pure and Applied Mathematics},
	Title = {Matrix Variate Distributions},
	Volume = {104},
	Year = {1999}}

@url{kaldi,
	Date-Added = {2011-06-30 16:23:15 +0100},
	Date-Modified = {2011-06-30 16:24:58 +0100},
	Title = {Kaldi},
	Url = {http://kaldi.sourceforge.net/},
	Bdsk-Url-1 = {http://kaldi.sourceforge.net/}}

@inproceedings{vucross,
	Author = {Vu, NT and Kraus, F and Schultz, T},
	Booktitle = {Proc. ICASSP},
	Date-Added = {2011-06-30 14:57:16 +0100},
	Date-Modified = {2011-06-30 16:49:05 +0100},
	Organization = {IEEE},
	Pages = {5000-5003},
	Title = {{Cross-language bootstrapping based on completely unsupervised training using multilingual A-stabil}},
	Year = {2011}}

@inproceedings{vu2010multilingual,
	Author = {Vu, NT and Kraus, F and Schultz, T},
	Booktitle = {IEEE Workshop on Spoken Language Technology, SLT},
	Date-Added = {2011-06-30 14:57:07 +0100},
	Date-Modified = {2011-06-30 14:57:07 +0100},
	Title = {Multilingual {A}-stabil: A new confidence score for multilingual unsupervised training},
	Year = {2010}}

@phdthesis{Lal2011_multilingual,
	Author = {Lal, P},
	Date-Added = {2011-06-28 16:51:59 +0100},
	Date-Modified = {2011-06-28 16:54:00 +0100},
	School = {The University of Edinburgh},
	Title = {{Cross-lingual Automatic Speech Recognition using Tandem Features}},
	Year = {2011}}

@inproceedings{povey11symmetric,
	Author = {Povey, D and Karafi{\'a}t, M and Ghoshal, A and Schwarz, P},
	Booktitle = {Proc. ICASSP},
	Date-Added = {2011-06-14 14:53:48 +0100},
	Date-Modified = {2011-06-14 14:56:56 +0100},
	Organization = {IEEE},
	Pages = {4504--4507},
	Title = {{A symmetrization of the subspace Gaussian mixture model}},
	Year = {2011}}

@inproceedings{thomas2010cross,
	Author = {Thomas, S and Ganapathy, S and Hermansky, H},
	Booktitle = {Proc. INTERSPEECH},
	Date-Added = {2011-06-13 17:55:03 +0100},
	Date-Modified = {2011-06-16 13:22:31 +0100},
	Pages = {877--880},
	Title = {Cross-lingual and Multi-stream Posterior Features for Low Resource {LVCSR} Systems},
	Year = {2010}}

@inproceedings{etin2007monolingual,
	Author = {{\c{C}}etin, O and Magimai-Doss, M and Livescu, K and Kantor, A and King, S and Bartels, C and Frankel, J},
	Booktitle = {Proc. ASRU},
	Date-Added = {2011-06-13 17:53:35 +0100},
	Date-Modified = {2012-08-03 14:35:24 +0100},
	Organization = {IEEE},
	Pages = {36--41},
	Title = {Monolingual and crosslingual comparison of tandem features derived from articulatory and phone {MLP}s},
	Year = {2007}}

@inproceedings{stolcke2005cross,
	Author = {Stolcke, A and Gr{\'e}zl, F and Hwang, MY and Lei, X and Morgan, N and Vergyri, D},
	Booktitle = {Proc. ICASSP},
	Date-Added = {2011-06-13 17:52:42 +0100},
	Date-Modified = {2012-08-03 15:31:20 +0100},
	Organization = {IEEE},
	Pages = {321--324},
	Title = {Cross-domain and cross-language portability of acoustic features estimated by multilayer perceptrons},
	Year = {2006}}

@inproceedings{le5first,
	Author = {Le, VB and Besacier, L},
	Booktitle = {Proc. ICASSP},
	Date-Added = {2011-06-13 17:23:55 +0100},
	Date-Modified = {2012-08-03 14:34:25 +0100},
	Organization = {IEEE},
	Pages = {821--824},
	Title = {First steps in fast acoustic modeling for a new target language: application to {Vietnamese}},
	Year = {2005}}

@inproceedings{byrne2000towards,
	Author = {Byrne, W and Beyerlein, P and Huerta, JM and Khudanpur, S and Marthi, B and Morgan, J and Peterek, N and Picone, J and Vergyri, D and Wang, W},
	Booktitle = {Proc. ICASSP},
	Date-Added = {2011-06-13 17:22:57 +0100},
	Date-Modified = {2012-08-06 15:38:36 +0100},
	Organization = {IEEE},
	Pages = {1029--1032},
	Title = {{Towards language independent acoustic modeling}},
	Year = {2000}}

@inproceedings{sim2008robust,
	Author = {Sim, KC and Li, H},
	Booktitle = {Proc. ICASSP},
	Date-Added = {2011-06-13 17:21:03 +0100},
	Date-Modified = {2012-08-03 14:40:55 +0100},
	Organization = {IEEE},
	Pages = {4309--4312},
	Title = {{Robust phone set mapping using decision tree clustering for cross-lingual phone recognition}},
	Year = {2008}}

@inproceedings{sim2009discriminative,
	Author = {Sim, KC},
	Booktitle = {Proc. ASRU},
	Date-Added = {2011-06-13 17:20:08 +0100},
	Date-Modified = {2012-08-03 14:41:01 +0100},
	Organization = {IEEE},
	Pages = {546--551},
	Title = {Discriminative Product-of-Expert acoustic mapping for cross-lingual phone recognition},
	Year = {2009}}

@inproceedings{schultz1997fast,
	Author = {Schultz, T and Waibel, A},
	Booktitle = {Proc. Eurospeech},
	Date-Added = {2011-06-13 16:21:33 +0100},
	Date-Modified = {2012-08-03 14:34:14 +0100},
	Organization = {Citeseer},
	Pages = {371--374},
	Title = {{Fast bootstrapping of LVCSR systems with multilingual phoneme sets}},
	Year = {1997}}

@inproceedings{schultz1998multilingual,
	Author = {Schultz, T and Waibel, A},
	Booktitle = {Proc. DARPA Workshop on Broadcast News Transcription and Understanding},
	Date-Added = {2011-06-13 16:20:29 +0100},
	Date-Modified = {2012-08-03 14:41:28 +0100},
	Organization = {Citeseer},
	Title = {Multilingual and crosslingual speech recognition},
	Year = {1998}}

@article{schultz2001language,
	Author = {Schultz, T and Waibel, A},
	Date-Added = {2011-06-13 16:19:37 +0100},
	Date-Modified = {2012-08-03 14:41:35 +0100},
	Journal = {Speech Communication},
	Number = {1},
	Pages = {31--52},
	Publisher = {Citeseer},
	Title = {Language-independent and language-adaptive acoustic modeling for speech recognition},
	Volume = {35},
	Year = {2001}}

@article{lu2011regularize,
	Author = {Lu, L and Ghoshal, A and Renals, S},
	Date-Added = {2011-03-30 12:15:31 +0100},
	Date-Modified = {2012-04-26 11:40:34 +0100},
	Journal = {IEEE Signal Processing Letters},
	Number = {7},
	Pages = {419--422},
	Title = {{Regularized subspace Gaussian mixture models for speech recognition}},
	Volume = {18},
	Year = {2011}}

@conference{axelrod2002modeling,
	Author = {Axelrod, S. and Gopinath, R. and Olsen, P.},
	Booktitle = {Proc. ICSLP},
	Date-Added = {2011-03-28 12:03:20 +0100},
	Date-Modified = {2011-03-28 12:33:50 +0100},
	Pages = {2177--2180},
	Title = {Modeling with a subspace constraint on inverse covariance matrices},
	Year = {2002}}

@article{valente2010multi,
	Author = {Valente, F.},
	Date-Added = {2011-03-16 15:50:51 +0000},
	Date-Modified = {2011-03-16 15:50:51 +0000},
	Issn = {0167-6393},
	Journal = {Speech Communication},
	Number = {3},
	Pages = {213--222},
	Publisher = {Elsevier},
	Title = {Multi-stream speech recognition based on Dempster-Shafer combination rule},
	Volume = {52},
	Year = {2010}}

@conference{schultz2002globalphone,
	Author = {Schultz, T},
	Booktitle = {Proc. ICLSP},
	Date-Added = {2011-03-15 15:15:24 +0000},
	Date-Modified = {2012-08-03 14:41:39 +0100},
	Pages = {345--348},
	Title = {{GlobalPhone}: a multilingual speech and text database developed at {Karlsruhe University}},
	Year = {2002}}

@conference{thomas2009tandem,
	Author = {Thomas, S and Ganapathy, S and Hermansky, H},
	Booktitle = {Proc. INTERSPEECH},
	Date-Added = {2011-03-15 12:15:06 +0000},
	Date-Modified = {2012-08-03 14:38:14 +0100},
	Pages = {2955--2958},
	Title = {Tandem Representations of Spectral Envelope and Modulation Frequency Features for ASR},
	Year = {2009}}

@conference{goel2010incorporating,
	Author = {Goel, V. and Sainath, T.N. and Ramabhadran, B. and Olsen, P. and Nahamoo, D. and Kanevsky, D.},
	Booktitle = {Proc. INTERSPEECH},
	Date-Added = {2011-03-14 11:46:59 +0000},
	Date-Modified = {2011-03-15 15:18:14 +0000},
	Pages = {1345--1348},
	Title = {Incorporating Sparse Representation Phone Identification Features in Automatic Speech Recognition Using Exponential Families},
	Year = {2010}}

@conference{hermansky2000tandem,
	Author = {Hermansky, H and Ellis, DPW and Sharma, S},
	Booktitle = {Proc. ICASSP},
	Date-Added = {2011-03-14 11:16:02 +0000},
	Date-Modified = {2012-08-03 14:38:00 +0100},
	Organization = {IEEE},
	Pages = {1635--1638},
	Title = {{Tandem connectionist feature extraction for conventional HMM systems}},
	Year = {2000}}

@conference{sainath2010sparse,
	Author = {Sainath, T.N. and Ramabhadran, B. and Nahamoo, D. and Kanevsky, D. and Sethy, A.},
	Booktitle = {Proc. INTERSPEECH},
	Date-Added = {2010-12-28 16:25:17 +0800},
	Date-Modified = {2011-01-09 20:48:52 +0800},
	Pages = {2254--2257},
	Title = {Sparse Representation Features for Speech Recognition},
	Year = {2010}}

@conference{woodland94large,
	Author = {Woodland, PC and Odell, JJ and Valtchev, V. and Young, SJ},
	Booktitle = {Proc. ICASSP},
	Isbn = {0780317750},
	Journal = {Proc. ICASSP},
	Pages = {125--128},
	Title = {Large vocabulary continuous speech recognition using {HTK}},
	Year = {1994}}

@conference{shrinkageMLLR10,
	Author = {Li, J and Tsao, Y and Lee, CH},
	Booktitle = {Proc. INTERSPEECH},
	Date-Added = {2010-10-14 11:02:34 +0100},
	Date-Modified = {2012-05-01 15:57:01 +0100},
	Pages = {1656-1659},
	Title = {{Shrinkage model adaptation in automatic speech recognition}},
	Year = {2010}}

@conference{sainath2010bayesian,
	Author = {Sainath, TN and Carmi, A and Kanevsky, D and Ramabhadran, B},
	Booktitle = {Proc. ICASSP},
	Date-Added = {2010-10-13 11:49:23 +0100},
	Date-Modified = {2012-08-03 14:37:07 +0100},
	Pages = {4370--4373},
	Title = {Bayesian compressive sensing for phonetic classification},
	Year = {2010}}

@conference{sivaram2010sparse,
	Author = {Sivaram, G and Nemala, SK and Elhilali, M and Tran, TD and Hermansky, H},
	Booktitle = {Proc. ICASSP},
	Date-Added = {2010-10-13 11:46:56 +0100},
	Date-Modified = {2012-08-03 14:44:59 +0100},
	Pages = {4346--4349},
	Title = {Sparse coding for speech recognition},
	Year = {2010}}

@book{hastie2005elements,
	Author = {Hastie, T and Tibshirani, R and Friedman, J},
	Date-Added = {2010-10-04 16:56:38 +0100},
	Date-Modified = {2012-08-03 14:36:16 +0100},
	Publisher = {Springer},
	Title = {The elements of statistical learning: data mining, inference and prediction},
	Year = {2005}}

@article{figueiredo2007gradient,
	Author = {Figueiredo, MAT and Nowak, RD and Wright, SJ},
	Date-Added = {2010-10-04 16:47:34 +0100},
	Date-Modified = {2012-08-22 10:57:54 +0100},
	Journal = {IEEE Journal on selected topics in Signal Processing},
	Number = {4},
	Pages = {586--597},
	Publisher = {Citeseer},
	Title = {Gradient projection for sparse reconstruction: Application to compressed sensing and other inverse problems},
	Volume = {1},
	Year = {2007}}

@article{zou2005regularization,
	Author = {Zou, H. and Hastie, T.},
	Date-Added = {2010-09-28 13:21:21 +0100},
	Date-Modified = {2010-09-28 13:21:21 +0100},
	Journal = {Journal of the Royal Statistical Society: Series B (Statistical Methodology)},
	Number = {2},
	Pages = {301--320},
	Publisher = {Wiley Online Library},
	Title = {{Regularization and variable selection via the elastic net}},
	Volume = {67},
	Year = {2005}}

@article{tibshirani1996regression,
	Author = {Tibshirani, R.},
	Date-Added = {2010-09-28 12:41:54 +0100},
	Date-Modified = {2010-09-28 12:43:41 +0100},
	Journal = {Journal of the Royal Statistical Society. Series B (Methodological)},
	Number = {1},
	Pages = {267--288},
	Title = {Regression shrinkage and selection via the lasso},
	Volume = {58},
	Year = {1996}}

@conference{povey1999frame,
	Author = {Povey, D. and Woodland, PC},
	Booktitle = {ICASSP, IEEE International Conference on Acoustics, Speech and Signal Processing- Proceedings},
	Date-Added = {2010-05-04 21:47:39 +0100},
	Date-Modified = {2010-05-04 21:47:39 +0100},
	Organization = {Citeseer},
	Pages = {333--336},
	Title = {Frame discrimination training of HMMs for large vocabulary speech recognition},
	Volume = {1},
	Year = {1999}}

@conference{povey2002minimum,
	Author = {Povey, D. and Woodland, PC},
	Booktitle = {IEEE INTERNATIONAL CONFERENCE ON ACOUSTICS SPEECH AND SIGNAL PROCESSING},
	Date-Added = {2010-05-04 21:44:57 +0100},
	Date-Modified = {2010-05-04 22:43:05 +0100},
	Organization = {IEEE; 1999},
	Title = {{Minimum phone error and I-smoothing for improved discriminative training}},
	Volume = {1},
	Year = {2002}}

@article{woodland2002large,
	Author = {Woodland, PC and Povey, D.},
	Date-Added = {2010-05-04 21:44:48 +0100},
	Date-Modified = {2010-05-04 22:40:44 +0100},
	Journal = {Computer Speech and Language},
	Number = {1},
	Pages = {25--47},
	Publisher = {Elsevier},
	Title = {Large scale discriminative training of hidden Markov models for speech recognition},
	Volume = {16},
	Year = {2002}}

@article{dempster1977maximum,
	Author = {Dempster, A.P. and Laird, N.M. and Rubin, D.B. and others},
	Date-Added = {2010-05-04 19:15:05 +0100},
	Date-Modified = {2010-05-04 19:15:05 +0100},
	Journal = {Journal of the Royal Statistical Society. Series B (Methodological)},
	Number = {1},
	Pages = {1--38},
	Publisher = {Royal Statistical Society},
	Title = {Maximum likelihood from incomplete data via the EM algorithm},
	Volume = {39},
	Year = {1977}}

@article{gales2000cluster,
	Author = {Gales, MJF},
	Date-Added = {2010-05-02 22:38:51 +0100},
	Date-Modified = {2010-05-02 22:38:51 +0100},
	Journal = {IEEE Transactions on Speech and Audio Processing},
	Number = {4},
	Pages = {417--428},
	Title = {Cluster adaptive training of hidden Markov models},
	Volume = {8},
	Year = {2000}}

@conference{gales1998cluster,
	Author = {Gales, M.J.F.},
	Booktitle = {Fifth International Conference on Spoken Language Processing},
	Date-Added = {2010-05-02 22:37:21 +0100},
	Date-Modified = {2010-05-02 22:37:21 +0100},
	Title = {Cluster adaptive training for speech recognition},
	Year = {1998}}

@article{kumatani2009beamforming,
	Author = {Kumatani, K. and McDonough, J. and Rauch, B. and Klakow, D. and Garner, P.N. and Li, W.},
	Date-Added = {2010-05-01 13:41:16 +0100},
	Date-Modified = {2010-05-01 13:41:16 +0100},
	Journal = {IEEE transactions on audio, speech, and language processing},
	Number = {5},
	Pages = {994--1008},
	Publisher = {Institute of Electrical and Electronics Engineers},
	Title = {Beamforming with a Maximum Negentropy Criterion},
	Volume = {17},
	Year = {2009}}

@conference{anastasakos1996compact,
	Author = {Anastasakos, Y and McDonough, J and Schwartz, R and Makhoul, J},
	Booktitle = {Proc. ICSLP},
	Date-Added = {2010-05-01 13:20:14 +0100},
	Date-Modified = {2013-03-12 15:32:49 +0000},
	Title = {A compact model for speaker-adaptive training},
	Year = {1996}}

@techreport{poveysubspaceTechReport,
	Author = {Povey, D.},
	Date-Added = {2010-05-01 11:18:53 +0100},
	Date-Modified = {2011-06-14 15:03:15 +0100},
	Institution = {Microsoft Research technical report MSR-TR-2009-64},
	Title = {{Subspace Gaussian mixture models for speech recognition}},
	Year = {2009}}

@article{gales2008application,
	Author = {Gales, M. and Young, S.},
	Date-Added = {2010-04-30 17:22:15 +0100},
	Date-Modified = {2010-04-30 17:22:15 +0100},
	Journal = {Foundations and Trends in Signal Processing},
	Number = {3},
	Pages = {195--304},
	Publisher = {Now Publishers Inc. Hanover, MA, USA},
	Title = {The application of hidden Markov models in speech recognition},
	Volume = {1},
	Year = {2008}}

@conference{lincoln2005multi,
	Author = {Lincoln, M. and McCowan, I. and Vepa, J. and Maganti, HK},
	Booktitle = {IEEE Workshop on Automatic Speech Recognition and Understanding},
	Date-Added = {2010-04-30 16:58:29 +0100},
	Date-Modified = {2010-05-04 22:46:54 +0100},
	Pages = {357--362},
	Title = {{The multi-channel Wall Street Journal audio visual corpus (MC-WSJ-AV): Specification and initial experiments}},
	Year = {2005}}

@article{lee1989speaker,
	Author = {Lee, K.F. and Hon, H.W.},
	Date-Added = {2010-04-28 14:17:30 +0100},
	Date-Modified = {2010-04-28 14:17:30 +0100},
	Journal = {IEEE Transactions on Acoustics, Speech and Signal Processing},
	Number = {11},
	Pages = {1641--1648},
	Title = {{Speaker-independent phone recognition using hidden Markov models}},
	Volume = {37},
	Year = {1989}}

@conference{paul1992design,
	Author = {Paul, D.B. and Baker, J.M.},
	Booktitle = {Second International Conference on Spoken Language Processing},
	Date-Added = {2010-04-27 11:54:51 +0100},
	Date-Modified = {2010-05-04 22:45:46 +0100},
	Title = {{The design for the Wall Street Journal-based CSR corpus}},
	Year = {1992}}

@inproceedings{burget2010multilingual,
	Author = {Burget, L and Schwarz, P and Agarwal, M and Akyazi, P and Feng, K and Ghoshal, A and Glembek, O and Goel, N and Karafi{\'a}t, M and Povey, D and Rastrow, A and Rose, R and Thomas, S},
	Booktitle = {Proc. IEEE ICASSP},
	Date-Added = {2010-04-25 16:27:29 +0100},
	Date-Modified = {2012-04-26 11:43:09 +0100},
	Pages = {4334--4337},
	Title = {{Multilingual acoustic modeling for speech recognition based on subspace Gaussian mixture models}},
	Year = {2010}}

@article{gales1998maximum,
	Author = {Gales, MJF},
	Date-Added = {2010-04-24 20:33:09 +0100},
	Date-Modified = {2012-05-01 15:58:30 +0100},
	Journal = {Computer Speech and Language},
	Pages = {75--98},
	Title = {{Maximum likelihood linear transformations for HMM-based speech recognition}},
	Volume = {12},
	Year = {1998}}

@article{leggetter1995maximum,
	Author = {Leggetter, CJ and Woodland, PC},
	Date-Added = {2010-04-24 20:33:01 +0100},
	Date-Modified = {2012-05-01 15:57:42 +0100},
	Journal = {Computer speech and language},
	Number = {2},
	Pages = {171},
	Publisher = {Citeseer},
	Title = {{Maximum likelihood linear regression for speaker adaptation of continuous density hidden Markov models}},
	Volume = {9},
	Year = {1995}}

@article{povey2004discriminative,
	Author = {Povey, D.},
	Date-Added = {2010-04-23 16:58:26 +0100},
	Date-Modified = {2010-04-23 16:58:47 +0100},
	Journal = {Ph.D thesis Cambridge, UK: Cambridge University},
	Title = {{Discriminative training for large vocabulary speech recognition}},
	Year = {2004}}

@techreport{povey2009-tutorial,
	Author = {Povey, D},
	Date-Added = {2010-04-23 16:50:36 +0100},
	Date-Modified = {2012-08-03 14:36:31 +0100},
	Institution = {MSR-TR-2009-111, Microsoft Research},
	Title = {A Tutorial-style introduction to Subspace {Gaussian} Mixture Models for Speech Recognition},
	Year = {2009}}

@book{bishop2006pattern,
	Author = {Bishop, C.M.},
	Date-Added = {2010-04-23 16:43:45 +0100},
	Date-Modified = {2010-04-23 16:47:57 +0100},
	Publisher = {Springer New York:},
	Title = {Pattern Recognition and Machine Learning},
	Year = {2006}}

@article{ghahramani2000variational,
	Author = {Ghahramani, Z and Beal, MJ},
	Date-Added = {2010-04-23 16:43:44 +0100},
	Date-Modified = {2012-08-03 14:36:52 +0100},
	Journal = {Advances in neural information processing systems},
	Pages = {449--455},
	Title = {Variational inference for Bayesian mixtures of factor analysers},
	Volume = {12},
	Year = {2000}}

@conference{bishop1999variational,
	Author = {Bishop, CM},
	Booktitle = {Artificial Neural Networks, 1999. ICANN 99. Ninth International Conference on (Conf. Publ. No. 470)},
	Date-Added = {2010-04-23 16:33:29 +0100},
	Date-Modified = {2010-04-23 16:33:29 +0100},
	Title = {{Variational principal components}},
	Volume = {1},
	Year = {1999}}

@article{vogt2008explicit,
	Author = {Vogt, R. and Sridharan, S.},
	Date-Added = {2010-04-23 15:59:11 +0100},
	Date-Modified = {2010-04-24 22:32:48 +0100},
	Journal = {Computer Speech and Language},
	Number = {1},
	Pages = {1--33},
	Publisher = {Elsevier},
	Title = {Explicit modelling of session variability for speaker verification},
	Volume = {22},
	Year = {2008}}

@article{povey2010subspaceGMM,
	Author = {Povey, D and Burget, L and Agarwal, M and Akyazi, P and Kai, F and Ghoshal, A and Glembek, O and Goel, N and Karafi\'at, M and Rastrow, A and Rose, RC and Schwarz, P and Thomas, S},
	Date-Modified = {2011-09-16 12:07:58 +0100},
	Journal = {Computer Speech \& Language},
	Number = {2},
	Pages = {404-439},
	Title = {The subspace {Gaussian} mixture model---{A} structured model for speech recognition},
	Volume = {25},
	Year = {2011}}

@conference{povey2010subspace,
	Author = {Povey, D. and Burget, L. and others},
	Booktitle = {Proc. ICASSP},
	Date-Modified = {2011-06-14 15:03:03 +0100},
	Pages = {4330-4333},
	Title = {{Subspace Gaussian mixture models for speech recognition}},
	Year = {2010}}

@article{burget2007analysis,
	Author = {Burget, L. and Matejka, P. and Schwarz, P. and Glembek, O. and Cernocky, J.},
	Date-Added = {2010-04-23 15:17:12 +0100},
	Date-Modified = {2010-04-23 15:17:12 +0100},
	Journal = {IEEE Transactions on Audio, Speech, and Language Processing},
	Number = {7},
	Pages = {1979--1986},
	Title = {Analysis of feature extraction and channel compensation in a GMM speaker recognition system},
	Volume = {15},
	Year = {2007}}

@conference{kenny2003new,
	Author = {Kenny, P. and Mihoubi, M. and Dumouchel, P.},
	Booktitle = {Eighth European Conference on Speech Communication and Technology},
	Date-Added = {2010-04-23 15:09:42 +0100},
	Date-Modified = {2010-04-23 15:10:57 +0100},
	Title = {New MAP estimators for speaker recognition},
	Year = {2003}}

@article{kenny2007speaker,
	Author = {Kenny, P. and Boulianne, G. and Ouellet, P. and Dumouchel, P.},
	Date-Added = {2010-04-23 15:05:11 +0100},
	Date-Modified = {2010-04-23 15:05:11 +0100},
	Journal = {IEEE Transactions on Audio, Speech, and Language Processing},
	Number = {4},
	Pages = {1448--1460},
	Title = {{Speaker and session variability in GMM-based speaker verification}},
	Volume = {15},
	Year = {2007}}

@article{tipping1999probabilistic,
	Author = {Tipping, M.E. and Bishop, C.M.},
	Date-Added = {2010-04-23 14:32:41 +0100},
	Date-Modified = {2010-04-23 14:32:41 +0100},
	Journal = {Journal of the Royal Statistical Society. Series B, Statistical Methodology},
	Pages = {611--622},
	Publisher = {Blackwell Publishers},
	Title = {{Probabilistic principal component analysis}},
	Year = {1999}}

@book{Young:HTKBook,
	Author = {S. Young and others},
	Publisher = {Cambridge University Engineering Department},
	Title = {The HTK Book},
	Year = {2002}}

@conference{kenny2005factor,
	Author = {Kenny, P. and Boulianne, G. and Ouellet, P. and Dumouchel, P.},
	Booktitle = {Proc. ICASSP},
	Date-Added = {2010-04-21 16:07:51 +0100},
	Date-Modified = {2010-04-21 16:07:51 +0100},
	Pages = {637--640},
	Title = {{Factor analysis simplified}},
	Volume = {1},
	Year = {2005}}

@article{vogt2010modelling,
	Author = {Vogt, R.J. and Baker, B.J. and Sridharan, S.},
	Date-Added = {2010-04-21 15:47:44 +0100},
	Date-Modified = {2010-04-21 15:48:58 +0100},
	Journal = {Interspeech},
	Publisher = {International Speech Communication Association (ISCA)},
	Title = {{Modelling session variability in text independent speaker verification}},
	Year = {2005}}

@conference{kenny2006geometry,
	Author = {Kenny, P. and Boulianne, G. and Ouellet, P. and Dumouchel, P.},
	Booktitle = {IEEE Odyssey 2006: The Speaker and Language Recognition Workshop, 2006},
	Date-Added = {2010-04-21 15:26:23 +0100},
	Date-Modified = {2010-04-21 15:26:23 +0100},
	Pages = {1--5},
	Title = {The geometry of the channel space in GMM-based speaker recognition},
	Year = {2006}}

@article{kuhn2000rapid,
	Author = {Kuhn, R. and Junqua, J.C. and Nguyen, P. and Niedzielski, N.},
	Date-Added = {2010-04-21 14:27:21 +0100},
	Date-Modified = {2010-04-21 14:27:21 +0100},
	Journal = {IEEE Transactions on Speech and Audio Processing},
	Number = {6},
	Pages = {695--707},
	Title = {{Rapid speaker adaptation in eigenvoice space}},
	Volume = {8},
	Year = {2000}}

@article{reynolds2000speaker,
	Author = {Reynolds, D.A. and Quatieri, T.F. and Dunn, R.B.},
	Date-Added = {2010-04-21 14:22:20 +0100},
	Date-Modified = {2010-04-21 14:22:20 +0100},
	Journal = {Digital signal processing},
	Number = {1-3},
	Pages = {19--41},
	Publisher = {Elsevier},
	Title = {{Speaker verification using adapted Gaussian mixture models}},
	Volume = {10},
	Year = {2000}}

@conference{zavaliagkos1996maximum,
	Author = {Zavaliagkos, G. and Schwartz, R. and McDonough, J.},
	Booktitle = {1996 IEEE International Conference on Acoustics, Speech, and Signal Processing, 1996. ICASSP-96. Conference Proceedings.},
	Date-Added = {2010-04-21 14:19:18 +0100},
	Date-Modified = {2010-04-21 14:19:18 +0100},
	Title = {{Maximum a posteriori adaptation for large scale HMM recognizers}},
	Volume = {2},
	Year = {1996}}

@article{gauvain1994maximum,
	Author = {Gauvain, JL and Lee, CH},
	Date-Added = {2010-04-20 19:50:49 +0100},
	Date-Modified = {2012-05-01 15:56:45 +0100},
	Journal = {IEEE transactions on speech and audio processing},
	Number = {2},
	Pages = {291--298},
	Title = {{Maximum a posteriori estimation for multivariate Gaussian mixture observations of Markov chains}},
	Volume = {2},
	Year = {1994}}

@article{kenny2007joint,
	Author = {Kenny, P. and Boulianne, G. and Ouellet, P. and Dumouchel, P.},
	Date-Added = {2010-04-20 19:50:18 +0100},
	Date-Modified = {2010-04-20 19:50:18 +0100},
	Journal = {IEEE Transactions on Audio, Speech, and Language Processing},
	Number = {4},
	Pages = {1435--1447},
	Title = {Joint factor analysis versus eigenchannels in speaker recognition},
	Volume = {15},
	Year = {2007}}

@techreport{kenny2005joint,
	Author = {Kenny, P.},
	Date-Added = {2010-04-20 19:49:51 +0100},
	Date-Modified = {2010-10-14 11:01:43 +0100},
	Institution = {CRIM-06/08-13},
	Title = {{Joint factor analysis of speaker and session variability: theory and algorithms}},
	Year = {2005}}

@article{kenny2005eigenvoice,
	Author = {Kenny, P. and Boulianne, G. and Dumouchel, P.},
	Date-Added = {2010-04-20 19:49:00 +0100},
	Date-Modified = {2010-04-20 19:49:00 +0100},
	Journal = {IEEE transactions on speech and audio processing},
	Number = {3},
	Pages = {345--354},
	Title = {{Eigenvoice modeling with sparse training data}},
	Volume = {13},
	Year = {2005}}

@article{kenny2008study,
	Author = {Kenny, P. and Ouellet, P. and Dehak, N. and Gupta, V. and Dumouchel, P.},
	Date-Added = {2010-04-20 19:48:32 +0100},
	Date-Modified = {2010-04-20 19:48:32 +0100},
	Journal = {IEEE Transactions on Audio, Speech, and Language Processing},
	Number = {5},
	Pages = {980--988},
	Title = {{A study of interspeaker variability in speaker verification}},
	Volume = {16},
	Year = {2008}}

@article{tipping1999mixtures,
	Author = {Tipping, M.E. and Bishop, C.M.},
	Date-Added = {2010-04-20 19:47:16 +0100},
	Date-Modified = {2010-04-20 19:47:16 +0100},
	Journal = {Neural computation},
	Number = {2},
	Pages = {443--482},
	Publisher = {MIT Press},
	Title = {{Mixtures of probabilistic principal component analyzers}},
	Volume = {11},
	Year = {1999}}

@article{gales1999semi,
	Author = {Gales, MJF},
	Date-Added = {2010-04-20 19:46:15 +0100},
	Date-Modified = {2010-04-20 19:46:15 +0100},
	Journal = {IEEE Transactions on Speech and Audio Processing},
	Number = {3},
	Pages = {272--281},
	Title = {{Semi-tied covariance matrices for hidden Markov models}},
	Volume = {7},
	Year = {1999}}

@conference{young1994tree,
	Author = {Young, SJ and Odell, JJ and Woodland, PC},
	Booktitle = {Proceedings of the workshop on Human Language Technology},
	Date-Added = {2010-04-20 19:45:45 +0100},
	Date-Modified = {2010-04-20 19:45:45 +0100},
	Organization = {Association for Computational Linguistics},
	Pages = {312},
	Title = {{Tree-based state tying for high accuracy acoustic modelling}},
	Year = {1994}}

@inproceedings{zhao2009variational,
	Author = {Zhao, X and Dong, Y and Zhao, J and Lu, L and Liu, J and Wang, H},
	Booktitle = {Proc. ICASSP},
	Date-Added = {2010-04-20 17:48:26 +0100},
	Date-Modified = {2012-08-03 14:37:26 +0100},
	Organization = {IEEE},
	Pages = {4049--4052},
	Title = {{Variational bayesian joint factor analysis for speaker verification}},
	Year = {2009}}

@conference{prabhavalkar09monaural,
	Author = {Prabhavalkar, R. and Jin, Z. and Fosler-Lussier, E.},
	Booktitle = {InterSpeech 2009},
	Date-Added = {2009-12-06 10:27:05 +0000},
	Date-Modified = {2009-12-06 10:28:42 +0000},
	Pages = {856--859},
	Rating = {4},
	Read = {Yes},
	Title = {{Monaural Segregation of Voiced Speech using Discriminative Random Fields}}}

@article{kumar2006discriminative,
	Author = {Kumar, S. and Hebert, M.},
	Date-Added = {2009-12-06 10:25:45 +0000},
	Date-Modified = {2009-12-06 10:25:45 +0000},
	Journal = {International Journal of Computer Vision},
	Number = {2},
	Pages = {179--201},
	Publisher = {Springer},
	Title = {{Discriminative random fields}},
	Volume = {68},
	Year = {2006}}

@conference{jin2007supervised,
	Author = {Jin, Z. and Wang, D.L.},
	Booktitle = {Proceedings of IEEEICASSP},
	Date-Added = {2009-12-06 10:24:44 +0000},
	Date-Modified = {2009-12-06 10:24:44 +0000},
	Organization = {Citeseer},
	Pages = {921--924},
	Title = {{A supervised learning approach to monaural segregation of reverberant speech}},
	Year = {2007}}

@conference{lafferty2004kernel,
	Author = {Lafferty, J. and Zhu, X. and Liu, Y.},
	Booktitle = {Proceedings of the twenty-first international conference on Machine learning},
	Date-Added = {2009-12-06 09:47:02 +0000},
	Date-Modified = {2009-12-06 09:47:02 +0000},
	Organization = {ACM New York, NY, USA},
	Title = {{Kernel conditional random fields: representation and clique selection}},
	Year = {2004}}

@conference{lafferty2001conditional,
	Author = {Lafferty, J. and McCallum, A. and Pereira, F.},
	Booktitle = {MACHINE LEARNING-INTERNATIONAL WORKSHOP THEN CONFERENCE-},
	Date-Added = {2009-12-06 09:46:14 +0000},
	Date-Modified = {2009-12-06 09:46:14 +0000},
	Organization = {Citeseer},
	Pages = {282--289},
	Title = {{Conditional random fields: Probabilistic models for segmenting and labeling sequence data}},
	Year = {2001}}

@conference{kristjansson2004single,
	Author = {Kristjansson, T. and Attias, H. and Hershey, J.},
	Booktitle = {Proc. ICASSP},
	Date-Added = {2009-12-06 09:44:38 +0000},
	Date-Modified = {2009-12-06 09:44:38 +0000},
	Organization = {Citeseer},
	Pages = {817--820},
	Title = {{Single microphone source separation using high resolution signal reconstruction}},
	Volume = {4},
	Year = {2004}}

@article{ma2007exploiting,
	Author = {Ma, N. and Green, P. and Barker, J. and Coy, A.},
	Date-Added = {2009-12-06 09:43:15 +0000},
	Date-Modified = {2009-12-06 09:43:15 +0000},
	Journal = {Speech Communication},
	Number = {12},
	Pages = {874--891},
	Publisher = {Elsevier},
	Title = {{Exploiting correlogram structure for robust speech recognition with multiple speech sources}},
	Volume = {49},
	Year = {2007}}

@article{shao10computational,
	Author = {Y. Shao and S. Srinivasan and Z. Jin and D. L. Wang},
	Date-Added = {2009-12-06 09:37:55 +0000},
	Date-Modified = {2009-12-06 09:42:01 +0000},
	Journal = {Computer Speech \& Language},
	Keywords = {Speech segregation; Computational Auditory Scene Analysis; Binary time-frequency mask; Robust speech recognition; Uncertainty decoding},
	Number = {24},
	Pages = {77--93},
	Rating = {3},
	Read = {Yes},
	Title = {{A computational auditory scene analysis system for speech segregation and robust speech recognition}},
	Volume = {1},
	Year = {2010}}

@conference{zen2004viterbi,
	Author = {Zen, H. and Tokuda, K. and Kitamura, T.},
	Booktitle = {Proceedings of ICASSP},
	Date-Added = {2009-12-06 09:36:42 +0000},
	Date-Modified = {2009-12-06 09:36:42 +0000},
	Organization = {Citeseer},
	Pages = {837--840},
	Title = {{A Viterbi algorithm for a trajectory model derived from HMM with explicit relationship between static and dynamic features}},
	Year = {2004}}

@article{cooke2006glimpsing,
	Author = {Cooke, M.},
	Date-Added = {2009-12-06 09:34:30 +0000},
	Date-Modified = {2009-12-06 09:34:30 +0000},
	Journal = {The Journal of the Acoustical Society of America},
	Pages = {1562},
	Title = {{A glimpsing model of speech perception in noise}},
	Volume = {119},
	Year = {2006}}

@conference{barker2006recent,
	Author = {Barker, J. and Coy, A. and Ma, N. and Cooke, M.},
	Booktitle = {Ninth International Conference on Spoken Language Processing},
	Date-Added = {2009-12-06 09:33:35 +0000},
	Date-Modified = {2009-12-06 09:33:35 +0000},
	Organization = {Citeseer},
	Title = {{Recent advances in speech fragment decoding techniques}},
	Year = {2006}}

@article{barker24speech,
	Author = {Barker, J and Ma, N and Coy, A and Cooke, M},
	Date-Added = {2009-12-06 09:32:40 +0000},
	Date-Modified = {2012-08-03 14:40:38 +0100},
	Journal = {Computer Speech \& Language},
	Number = {1},
	Pages = {94--111},
	Publisher = {Elsevier},
	Title = {{Speech fragment decoding techniques for simultaneous speaker identification and speech recognition}},
	Volume = {24}}

@article{Nair10joint,
	Author = {Nishanth Ulhas Nair and T. V. Sreenivas},
	Date-Added = {2009-12-06 09:25:41 +0000},
	Date-Modified = {2009-12-06 09:30:50 +0000},
	Journal = {Computer Speech \& Language},
	Keywords = {Joint recognition; Joint decoding; Dynamic time warping; Viterbi algorithm; Hidden Markov models; Multi pattern analysis; Robust speech recognition; Selective HMM training; multi pattern dynamic time warping},
	Number = {24},
	Pages = {307--340},
	Rating = {3},
	Title = {{Joint evaluation of multiple speech patterns for speech recognition and training}},
	Volume = {1},
	Year = {2010}}

@conference{virtanen2006speech,
	Author = {Virtanen, T.},
	Booktitle = {Ninth International Conference on Spoken Language Processing},
	Date-Added = {2009-12-06 09:24:19 +0000},
	Date-Modified = {2009-12-06 09:24:19 +0000},
	Organization = {Citeseer},
	Title = {{Speech recognition using factorial hidden Markov models for separation in the feature space}},
	Year = {2006}}

@article{hershey24super,
	Author = {Hershey, J.R. and Rennie, S.J. and Olsen, P.A. and Kristjansson, T.T.},
	Date-Added = {2009-12-05 11:05:42 +0000},
	Date-Modified = {2009-12-05 11:08:47 +0000},
	Journal = {Computer Speech \& Language},
	Number = {1},
	Pages = {45--66},
	Publisher = {Elsevier},
	Title = {{Super-human multi-talker speech recognition: A graphical modeling approach}},
	Volume = {24},
	Year = {2010}}

@article{cooke24monaural,
	Author = {Cooke, M. and Hershey, J.R. and Rennie, S.J.},
	Date-Added = {2009-12-05 11:03:41 +0000},
	Date-Modified = {2009-12-05 11:04:19 +0000},
	Journal = {Computer Speech \& Language},
	Number = {1},
	Pages = {1--15},
	Publisher = {Elsevier},
	Title = {{Monaural speech separation and recognition challenge}},
	Volume = {24},
	Year = {2010}}

@article{cooke2006audio,
	Author = {Cooke, M. and Barker, J. and Cunningham, S. and Shao, X.},
	Date-Added = {2009-12-05 11:02:01 +0000},
	Date-Modified = {2009-12-05 11:02:18 +0000},
	Journal = {The Journal of the Acoustical Society of America},
	Pages = {2421--2424},
	Title = {{An audio-visual corpus for speech perception and automatic speech recognition}},
	Volume = {120},
	Year = {2006}}

@article{cooke2001robust,
	Author = {Cooke, M. and Green, P. and Josifovski, L. and Vizinho, A.},
	Date-Added = {2009-12-05 11:00:35 +0000},
	Date-Modified = {2009-12-05 11:00:35 +0000},
	Journal = {Speech Communication},
	Number = {3},
	Pages = {267--285},
	Publisher = {Elsevier},
	Title = {{Robust automatic speech recognition with missing and unreliable acoustic data}},
	Volume = {34},
	Year = {2001}}

@article{coy2007automatic,
	Author = {Coy, A. and Barker, J.},
	Date-Added = {2009-12-05 10:59:20 +0000},
	Date-Modified = {2009-12-05 10:59:20 +0000},
	Journal = {Speech Communication},
	Number = {5},
	Pages = {384--401},
	Publisher = {Elsevier},
	Title = {{An automatic speech recognition system based on the scene analysis account of auditory perception}},
	Volume = {49},
	Year = {2007}}

@article{barker2005decoding,
	Author = {Barker, JP and Cooke, MP and Ellis, DPW},
	Date-Added = {2009-12-05 10:58:03 +0000},
	Date-Modified = {2009-12-05 10:58:03 +0000},
	Journal = {speech communication},
	Number = {1},
	Pages = {5--25},
	Publisher = {Elsevier},
	Title = {{Decoding speech in the presence of other sources}},
	Volume = {45},
	Year = {2005}}

@conference{varga1990hidden,
	Author = {Varga, AP and Moore, RK},
	Booktitle = {proc. ICASSP},
	Date-Added = {2009-12-05 10:56:26 +0000},
	Date-Modified = {2009-12-05 10:56:26 +0000},
	Pages = {845--848},
	Title = {{Hidden Markov model decomposition of speech and noise}},
	Volume = {90},
	Year = {1990}}

@conference{gales1992improved,
	Author = {Gales, MJF and Young, SJ},
	Booktitle = {Proc. ICASSP},
	Date-Added = {2009-12-05 10:53:49 +0000},
	Date-Modified = {2009-12-05 10:53:49 +0000},
	Pages = {233--236},
	Title = {{An improved approach to the hidden Markov model decomposition of speech and noise}},
	Volume = {1},
	Year = {1992}}

@inproceedings{gales95fast,
	Author = {Gales, MJF and Young, SJ},
	Booktitle = {Acoustics, Speech, and Signal Processing, 1995. ICASSP-95., 1995 International conference on},
	Date-Added = {2009-12-05 10:20:36 +0000},
	Date-Modified = {2012-08-03 14:34:53 +0100},
	Pages = {133--136},
	Title = {{A fast and flexible implementation of parallel model combination}},
	Volume = {1},
	Year = {1995}}

@article{gales96Robust,
	Annote = {parallel model combination},
	Author = {M. J. F. Gales and S. J. Young},
	Date-Added = {2009-12-05 10:02:35 +0000},
	Date-Modified = {2009-12-05 10:47:36 +0000},
	Journal = {IEEE Transactions on Speech and Audio Processing},
	Pages = {352--359},
	Rating = {4},
	Read = {Yes},
	Title = {Robust continous speech recognition using parallel model combination},
	Volume = {4},
	Year = {1996}}

@article{cooke01casa,
	Annote = {Overview of casa},
	Author = {Martin Cooke and Daniel P.W. Ellis},
	Date-Added = {2009-12-05 09:47:07 +0000},
	Date-Modified = {2009-12-05 11:04:03 +0000},
	Journal = {Speech Communications},
	Keywords = {Auditory scene analysis; Speech perception; Streaming; Auditory induction; Double vowels; Robust ASR},
	Pages = {141--177},
	Rating = {4},
	Read = {Yes},
	Title = {The auditory organization of speech and other sources in listeners and computational models},
	Volume = {35},
	Year = {2001}}

@inproceedings{swietojanski2012,
	Author = {Swietojanski, P and Ghoshal, A and Renals, S},
	Booktitle = {Proc IEEE SLT},
	Date-Added = {2012-10-18 14:17:19 +0000},
	Date-Modified = {2012-10-18 14:19:46 +0000},
	Pages = {246--251},
	Title = {Unsupervised cross-lingual knowledge transfer in {DNN}-based {LVCSR}},
	Year = {2012}}

@inproceedings{Ghoshal:ICASSP13,
	Author = {A Ghoshal and P Swietojanski and S Renals},
	Booktitle = {Proc. IEEE ICASSP},
	Pages = {7319-7323},
	Title = {Multilingual Training of Deep Neural Networks},
	Year = {2013}}

@inproceedings{Vesely:IS13,
	Author = {K Vesel\'{y} and A Ghoshal and L Burget and D Povey},
	Booktitle = {Proc. INTERSPEECH},
	Title = {Sequence-discriminative training of deep neural networks},
	Year = {2013}}

@conference{Povey:ICASSP12a,
	Author = {D Povey and M Hannemann and G Boulianne and L Burget and A Ghoshal and M Janda and Ma Karafiat and S Kombrink and P Motlicek and Y Qian and K Riedhammer and K Vesely and NT Vu},
	Booktitle = {Proc. IEEE ICASSP},
	Month = {March},
	Pages = {4213-4216},
	Title = {Generating exact lattices in the {WFST} framework},
	Year = {2012}}

@inproceedings{Ghoshal:ICASSP09b,
	Author = {A Ghoshal and M Jansche and S Khudanpur and M Riley and M Ulinski},
	Booktitle = {Proc. IEEE ICASSP},
	Month = {April},
	Pages = {4289-4292},
	Title = {Web-Derived Pronunciations},
	Year = {2009}}

@conference{Li:ASRU07,
	Author = {X Li and A Gunawardana and A Acero},
	Booktitle = {Proc. IEEE ASRU},
	Month = {December},
	Pages = {130-135},
	Title = {Adapting grapheme-to-phoneme conversion for name recognition},
	Year = {2007}}

@article{Mohri:CSL02,
	Author = {M Mohri and F Pereira and M Riley},
	Journal = {Computer Speech and Language},
	Month = {January},
	Number = {1},
	Pages = {69-88},
	Title = {Weighted finite-state transducers in speech recognition},
	Volume = {16},
	Year = {2002}}

@conference{Hutchinson:ICASSP11,
	Author = {B Hutchinson and J Droppo},
	Booktitle = {Proc. IEEE ICASSP},
	Month = {May},
	Pages = {4904-4907},
	Title = {Learning non-parametric models of pronunciation},
	Year = {2011}}

@incollection{robinson1996,
	Author = {Robinson, T and Hochberg, M and Renals, S},
	Booktitle = {Automatic Speech and Speaker Recognition -- Advanced Topics},
	Date-Modified = {2012-07-18 14:15:08 +0000},
	Editor = {Lee, CH and Paliwal, KK and Soong, FK},
	Pages = {233--258},
	Publisher = {Kluwer Academic Publishers},
	Title = {The use of recurrent networks in continuous speech recognition},
	Year = {1996}}

@article{robinson2002,
	Author = {Robinson, AJ and Cook, GD and Ellis, DPW and Fosler-Lussier, E and Renals, SJ and Williams, DAG},
	Journal = {Speech Communication},
	Pages = {27--45},
	Title = {Connectionist speech recognition of Broadcast News},
	Volume = {37},
	Year = {2002}}

@article{robinson1991,
	Author = {Robinson, T. and Fallside, F.},
	Journal = {Computer Speech and Language},
	Pages = {259--274},
	Title = {A recurrent error propagation network speech recognition system},
	Volume = {5},
	Year = {1991}}

@article{baker1975,
	Author = {Baker, J},
	Journal = {IEEE Transactions on Acoustics, Speech, and Signal Processing},
	Pages = {24--29},
	Title = {The {DRAGON} system -- An overview},
	Volume = {23},
	Year = {1975}}

@article{bahl1983,
	Author = {Bahl, L and Jelinek, F and Mercer, R},
	Journal = {IEEE Transactions on Pattern Analysis and Machine Intelligence},
	Pages = {179--190},
	Title = {A maximum likelihood approach to speech recognition},
	Volume = {5},
	Year = {1983}}

@article{mohri2002,
	Author = {Mohri, Mehryar and Pereira, Fernando and Riley, Michael},
	Journal = {Computer Speech \& Language},
	Pages = {69--88},
	Title = {Weighted finite-state transducers in speech recognition},
	Volume = {16},
	Year = {2002}}

@article{ostendorf1996,
	Author = {Ostendorf, M and Digalakis, VV and Kimball, OA},
	Date-Modified = {2015-03-20 15:30:45 +0000},
	Doi = {10.1109/89.536930},
	Journal = {IEEE Transactions on Speech and Audio Processing},
	Pages = {360--378},
	Title = {From {HMM}'s to segment models: A unified view of stochastic modeling for speech recognition},
	Year = {1996},
	Bdsk-Url-1 = {http://dx.doi.org/10.1109/89.536930}}

@article{swietojanski2016lhuc,
	Author = {P Swietojanski and J Li and S Renals},
	Journal = {IEEE/ACM Transactions on Audio, Speech, and Language Processing},
	Number = {8},
	Pages = {1450--1463},
	Title = {Learning Hidden Unit Contributions for Unsupervised Acoustic Model Adaptation},
	Volume = {24},
	Year = {2016}}

@inproceedings{ioffe2015batch,
	Author = {S Ioffe and C Szegedy},
	Booktitle = {ICML},
	Title = {Batch Normalization: Accelerating Deep Network Training by Reducing Internal Covariate Shift},
	Year = {2015}}

@incollection{renals2016ami,
	Author = {S Renals and P Swietojanski},
	Booktitle = {New Era for Robust Speech Recognition -- Exploting Deep Learning},
	Editor = {S Watanabe and M Delcroix and F Metze and JR Hershey},
	Publisher = {Springer},
	Title = {Distant Speech Recognition Experiments using the {AMI Corpus}},
	Year = {2016}}
